5248 6332
681 705 709 780 4

683 913 806 984 semine
815 913 890 1006 jem
905 911 939 980 in
954 909 1102 980 Philonis
1115 907 1289 1004 theologia
1304 932 1372 980 non
1389 909 1498 980 solnm
1515 907 1598 978 altas
1610 905 1742 978 radices
1762 910 1887 1002 egerit,
1913 911 1976 980 sed
1993 911 2092 980 etiem
2111 911 2262 984 surculos

664 1037 956 1124 „monasteriorum
979 1035 1023 1104 ah
1049 1037 1168 1106 ascetis
1189 1033 1415 1105 habitatorum
1432 1017 1804 1110 laetissimos'euaiserit.
1855 1036 1949 1123 Quid
1966 1037 2088 1106 mirum
2107 1037 2263 1130 denique,

609 1249 617 1258 “
679 1161 932 1256 philologorurn
952 1161 1252 1254 praestantissimos
1267 1161 1346 1228 etin
1363 1159 1454 1228 omni
1467 1159 1661 1250 antiquitate
1675 1181 1746 1229 non
1763 1161 1911 1231 curiosos
1934 1171 2083 1252 tantum,
2109 1162 2170 1231 sed
2184 1183 2264 1232 ver·
2338 1149 2343 1162 ’

556 1255 561 1266 ⁵
680 1287 859 1358 satissimos
872 1287 974 1372 viros,
1000 1287 1115 1374 quales
1128 1285 1195 1353 hac
1207 1293 1322 1353 nostro
1337 1281 1499 1352 memoria
1510 1282 1717 1377 Ruhnkenii,
1743 1265 1946 1378 Valkenarii,
1970 1281 2263 1380 Wyttenhachii³j

445 1499 454 1518 ι
471 1487 476 1494 ,
680 1411 833 1498 iuermrt,
859 1410 1011 1480 Philonis
1026 1389 1236 1504 potissimum
1251 1409 1381 1502 scriptis
1397 1429 1538 1500 operam
1551 1408 1763 1502 studiumque
1780 1380 1945 1482 narasse?
1995 1411 2084 1480 Nam
2101 1421 2138 1480 ut
2152 1411 2263 1483 verbis

544 1589 548 1600 .
680 1547 755 1606 atsr
771 1533 1043 1627 wyttenbachh‘,
1068 1533 1187 1604 summi
1204 1527 1331 1626 sinist)
1364 1531 1484 1623 quihm
1506 1531 1563 1602 ille
1589 1555 1688 1604 suum
1706 1533 1751 1604 de
1772 1533 1956 1605 Plutarcho
1967 1533 2136 1628 judicium
2155 1559 2263 1630 expo-

648 1749 651 1754 ,
682 1664 765 1752 snit,
798 1683 890 1752 „eos
909 1659 1041 1731 Philoni
1065 1655 1183 1727 natura
1204 1653 1373 1732 moderat,
1390 1653 1488 1724 animi
1506 1678 1645 1746 nervos,
1672 1653 1794 1750 quihus
1814 1661 1889 1754 ipse
1913 1677 1956 1729 se‘
1974 1658 2019 1730 ad
2035 1660 2208 1752 antiquum
2229 1669 2264 1729 et
2349 1681 2363 1708 ··

431 1795 436 1802 ’
549 1823 551 1827 ·
682 1808 910 1880 „germanum
927 1785 1095 1856 Graeciae
1115 1781 1266 1874 spiritum
1281 1777 1438 1871 erigeret.
1487 1781 1587 1856 Adeo
1605 1783 1690 1852 illud
1707 1783 1873 1878 ἐλληνικὸν
1895 1785 2078 1877 inscriptis
2095 1784 2167 1878 ejus
2192 1785 2264 1878 spi-

682 1919 782 2000 ‚,rat,
807 1909 984 1998 illa'bona,
1010 1909 1132 2001 thos
1143 1897 1274 1975 veteres
1293 1901 1444 1972 Graecos
1463 1925 1654 1977 censemus:
1672 1906 1795 2001 judicii
1814 1905 1953 1999 sanitas,
1978 1909 2094 1980 decori
2111 1907 2263 1979 honesti-
2313 1888 2317 1900 ⁴
2339 1957 2342 1968 ·

681 2057 780 2144 ,qne
797 2057 928 2124 sensus,
953 2033 1160 2119 humanitas,
1192 2039 1288 2098 amor
1308 2049 1391 2121 erga
1410 2029 1518 2115 cives,
1550 2029 1783 2102 benevolentia
1801 2029 1888 2130 erga'
1901 2059 2034 2124 omnes,
2074 2032 2119 2105 de
2144 2033 2263 2104 iisdem

683 2159 964 2250 „benemerendi
981 2158 1128 2228 studium
1141 2153 1348 2225 indefessum
1367 2150 1555 2222 erudiendis
1570 2153 1729 2248 ingeniis,
1758 2159 1943 2230 semendis
1958 2158 2124 2268 morihus,
2156 2155 2268 2227 virtu-

683 2284 804 2374 „tibus
826 2284 1121 2374 commendandis,
1154 2281 1238 2353 uitiis
1259 2277 1435 2371 sanandis,
1474 2277 1644 2351 erroribus
1664 2283 1870 2377 expellendis
1901 2295 2005 2378 atque
2033 2279 2262 2380 exstirpandis.

769 2657 796 2744 ³)
823 2661 887 2724 vid.
903 2645 1180 2722 Animadversiones
1194 2655 1353 2820 adlimapli
1366 2655 1488 2821 quicon
1498 2657 1705 2821 Platoriiqnm3
1721 2659 1878 2822 gmffien
1893 2663 1930 2726 de
1944 2661 2117 2725 Aristobulo
2133 2651 2262 2732 ludae03

811 2763 1090 2825 Animadversiones
1102 2761 1135 2822 in
1153 2761 1284 2824 Platonis
1301 2761 1324 2821 P
1346 2781 1380 2822 ae
1403 2780 1489 2821 onem
1511 2771 1541 2822 et
1552 2763 1585 2823 in
1600 2762 1623 2822 P
1636 2771 1721 2823 utero
1745 2763 1752 2778 '
1772 2763 1871 2844 Opera
1889 2765 2024 2827 Morslie.
2066 2763 2127 2825 lise
2152 2759 2263 2844 mirum

806 2867 877 2928 illos
898 2865 1086 2926 Triumviros
1108 2860 1228 2926 Philoni
1248 2873 1367 2926 tentum
1392 2862 1550 2942 tribuisse,
1586 2884 1679 2945 quum
1704 2865 1739 2926 in
1765 2865 1828 2947 ejus
1854 2866 1976 2948 scriptia
1996 2867 2094 2928 multa
2108 2863 2204 2926 insint
2222 2860 2263 2924 ad

676 3003 678 3010 ·
807 2990 925 3030 omnem
945 2967 1135 3048 antiquitatis
1153 2967 1291 3028 notitiam
1306 2956 1376 3028 =non
1388 2965 1620 3043 ‚contemnende
1638 2987 1670 3028 v.
1685 2987 1712 3028 c.
1731 2967 1841 3028 artium
1861 2969 2036 3032 inventast
2051 2969 2262 3042 instrumenta,
2322 3006 2327 3012 -

808 3072 903 3152 qualis
919 3079 963 3132 eet
981 3049 1037 3132 ieta
1053 3068 1202 3148 horologii
1217 3090 1256 3129 ex
1270 3067 1393 3131 materia
1411 3087 1495 3127 aerea
1509 3067 1581 3127 facti
1594 3068 1758 3151 descriptio
1785 3069 1867 3132 Arm.
1883 3077 1921 3148 1,
1943 3077 2006 3150 21„
2036 3071 2124 3154 cujus
2138 3067 2262 3150 quidem
2298 3077 2301 3082 '

805 3193 895 3233 usum
911 3172 984 3232 alios
998 3173 1060 3232 iere
1073 3169 1163 3230 aetati
1176 3169 1264 3250 longe
1279 3168 1437 3251 posteriori
1452 3160 1602 3250 assignare
1615 3171 1726 3250 solent,
1748 3173 1927 3254 scriptorum
1946 3171 2169 3254 deperditorurn
2186 3167 2262 3232 reli·

804 3275 907 3356 quiae,
936 3292 966 3335 v.
984 3293 1010 3334 c.
1028 3269 1235 3333 Eratosthenis
1250 3271 1333 3333 Anu.
1350 3276 1386 3349 1,
1411 3275 1491 3349 101,
1512 3291 1618 3352 genera
1642 3283 1723 3335 certe
1740 3296 1770 3336 v.
1785 3295 1812 3335 c.
1834 3274 1998 3357 scriptores
2024 3273 2156 3336 debello
2175 3289 2263 3333 mero

803 3375 1001 3438 Phocensium
1016 3376 1097 3452 640,
1127 3374 1199 3450 40.,
1229 3372 1381 3434 dictorum
1397 3365 1430 3435 et
1444 3371 1710 3456 apophtegmatum
1724 3385 1881 3456 veterum,
1911 3397 1989 3459 quoe
2001 3377 2115 3440 Latinis
2129 3375 2181 3438 hic
2194 3373 2262 3436 illic

689 3499 692 3514 ·
805 3499 874 3540 corn
888 3479 1013 3542 Philone
1029 3477 1300 3554 communierunt,
1329 3477 1443 3562 Graecp
1464 3485 1494 3538 et
1507 3476 1590 3538 haud
1603 3479 1668 3540 seio
1691 3480 1847 3558 annotina
1868 3487 1898 3540 et
1914 3479 2044 3560 genuina
2056 3479 2158 3558 verba,
2178 3497 2212 3542 r.
2232 3495 2259 3540 e.
2309 3535 2312 3542 .

805 3583 880 3663 426,
900 3583 951 3650 25·
982 3575 1189 3674 loo'rspoviiip
1205 3577 1263 3666 βίῳ
1278 3583 1380 3658 sopori
1391 3577 1443 3644 roi
1463 3579 1538 3662 pios
1552 3577 1669 3663 ἡμέραν
1681 3577 1835 3666 dolichos
1850 3575 2198 3678 slvnrrrrropdoupieqe.
2219 3579 2260 3638 ci·
2290 3615 2295 3622 ·
2329 3575 2331 3582 ’

808 3681 1027 3762 (heleseo,
1049 3689 1087 3760 2,
1109 3683 1196 3749 6.-
1216 3688 1255 3758 2,
1276 3685 1354 3758 662,
1377 3687 1409 3749 7.
1427 3701 1471 3762 sq.
1494 3681 1674 3744 stercolf.
1694 3689 1734 3762 1,
1752 3690 1790 3762 4,
1813 3689 1862 3751 tu
1884 3690 1924 3762 7,
1945 3690 2052 3752 22-
2094 3681 2260 3764 lionlipp.
2347 3727 2351 3736 .

807 3790 848 3862 1,
871 3790 907 3861 1,
928 3790 958 3852 7.
988 3783 1131 3844 Estmihi
1152 3793 1357 3864 purgatam
1380 3781 1484 3845 erebro
1502 3783 1555 3864 qui
1574 3795 1716 3866 personet
1733 3805 1870 3848 aurem.
1899 3786 2124 3864 stennone,
2144 3787 2198 3854 38.
2228 3789 2260 3874 2,

695 3897 699 3902 “
809 3888 887 3962 152,
909 3891 940 3952 3.
962 3891 993 3958 2,
1015 3887 1088 3962 346,
1111 3887 1162 3954 25.
1181 3906 1225 3966 sq.
1239 3917 1283 3934 -
1306 3885 1382 3949 Hor.
1397 3885 1473 3968 Epp.
1498 3892 1533 3963 1,
1557 3889 1594 3964 1,
1616 3891 1668 3954 6⁰.
1689 3885 1860 3950 hicmarus
1878 3887 2141 3952 rhenenseslo-
2156 3887 2261 3949 Stoica

698 4033 702 4040 .
806 3988 930 4048 videtur
945 4009 1008 4049 esse
1021 3987 1128 4067 imago.
1145 3987 1267 4062 Philo,
1289 3989 1362 4064 407,
1387 3989 1436 4054 18.
1457 3983 1585 4066 tacete
1606 4021 1639 4036 -·
1652 3991 1741 4072 scizas
1757 3991 1970 4075 πεφραγμένος
1983 3987 2188 4078 ἄκαθαιρὲιφ,
2211 3983 2260 4056 rr’-

702 4125 705 4132 ·
805 4091 914 4175 σεβείᾳ.
929 4119 972 4138 ·-
1013 4087 1085 4154 lior.
1106 4088 1183 4171 Epp.
1199 4095 1234 4166 1,
1253 4096 1291 4166 2,
1312 4095 1363 4158 42
1386 4089 1526 4150 Rusticus
1540 4099 1708 4170 exspectat,
1730 4093 1802 4154 dum
1818 4095 1930 4158 defluet
1948 4094 2061 4172 amnis,
2083 4104 2114 4154 at
2131 4095 2186 4156 ifle
2207 4093 2261 4156 la-

804 4191 890 4252 bitur
904 4202 934 4252 et
947 4191 1065 4253 labetur
1078 4191 1111 4250 in
1122 4212 1210 4252 omne
1225 4191 1368 4252 volubilis
1379 4211 1484 4252 aevum
1501 4223 1540 4240 -
1561 4191 1695 4252 alludere
1707 4193 1828 4255 videtur
1841 4199 1880 4260 ad
1895 4198 2039 4259 Heracliti
2053 4197 2207 4259 decretum
2221 4197 2260 4262 de

692 4303 697 4316 '
804 4301 969 4376 perpetuo,
990 4302 1025 4353 ut
1037 4313 1360 4376 rerumcorporearnns
1378 4295 1524 4372 omnium,
1545 4295 1588 4355 ita
1601 4293 1694 4364 animi
1709 4294 1871 4359 ellectuum
1890 4299 2066 4362 flumine.
2087 4299 2165 4363 Phil.
2183 4303 2258 4370 692,

805 4399 859 4463 32.
888 4399 968 4474 693,
991 4397 1021 4464 6.
1048 4395 1239 4457 utseuteotie
1260 4395 1315 4456 ait:
1342 4395 1407 4456 noli
1429 4393 1590 4478 stirpenses
1615 4399 1850 4478 exspectatione,
1882 4401 1953 4478 dum
1975 4401 2139 4464 affectuum
2159 4411 2258 4464 sertus
2320 4467 2324 4477 ,

804 4499 1005 4559 defervescere
1021 4498 1170 4580 coeperit,
1192 4495 1284 4556 animi
1301 4498 1537 4559 emendationem
1550 4499 1588 4559 de
1601 4497 1651 4560 dis
1664 4500 1698 4560 in
1713 4483 1790 4562 dieat
1804 4501 1940 4582 differre;
1968 4504 2056 4567 irrita
2078 4505 2160 4566 enirn
2183 4501 2258 4566 haec

805 4619 873 4682 apes
890 4601 967 4678 erit,
996 4601 1142 4682 siqnidem
1163 4607 1272 4660 natura
1285 4597 1348 4679 ipsa
1362 4600 1419 4661 sihi
1433 4611 1553 4662 constat
1565 4601 1786 4684 affectuumque
1801 4615 1898 4669 aestus
1918 4608 2006 4670 nullo
2024 4627 2157 4688 unquam
2177 4617 2258 4670 tern-

804 4724 879 4784 pore
899 4703 1059 4764 sedabitur.
1082 4701 1172 4764 Ouid.
1187 4700 1257 4762 hiet.
1269 4703 1300 4776 2,
1322 4705 1373 4768 63.
1395 4705 1433 4767 ci.
1456 4703 1532 4764 Phil.
1547 4710 1578 4782 2,
1602 4709 1653 4780 10,
1674 4709 1703 4772 8.
1720 4705 1824 4768 Ardua
1839 4709 1999 4790 primaria
2016 4718 2118 4772 αἲ.-
2137 4709 2258 4787 2447,

803 4811 856 4874 26.
887 4805 962 4884 oeci
981 4801 1071 4869 soseri
1091 4829 1117 4868 s.
1130 4798 1257 4888 ἐγγείων
1278 4796 1443 4888 donetque
1463 4800 1518 4881 scic
1535 4828 1561 4868 r.
1576 4800 1705 4889 erpeinus
1726 4809 1769 4884 εἰς
1782 4803 1858 4874 edroi
1876 4809 2061 4895 iyzudtvssse
2073 4803 2191 4893 ὀσμάς.
2214 4811 2255 4876 ci.

671 4981 678 4998 ι
803 4900 877 4972 lior.
891 4909 966 4990 Epp·
983 4899 1025 4986 1,
1038 4915 1074 4985 2,
1098 4912 1149 4974 69.

761 5041 791 5128 ⁴)
823 5041 860 5103 ln
873 5043 1001 5125 praeiet.
1018 5043 1057 5105 ad
1074 5041 1188 5104 Selecta
1199 5041 1373 5124 Principum
1386 5039 1607 5107 Historicorum
1621 5067 1653 5130 p.
1664 5047 1737 5110 xix
1752 5070 1797 5131 sq.
