5248 6332
372 913 565 986 sontissima.
615 913 705 1020 illam
725 914 853 986 etiamsi
867 913 948 988 nihil
970 939 1117 1009 unquam
1134 915 1241 1010 majus
1256 915 1308 986 bis
1324 869 1440 1006 terris,
1456 915 1549 1024 ⁴nihil
1564 905 1735 1014 pulcrius,
1756 925 1838 998 nihil
1850 951 1952 1024 prae·
2016 921 2020 930 ’

371 1041 520 1110 stabilius
543 1037 655 1111 divino
680 1063 817 1118 munem
842 1040 956 1111 datum
976 1051 1076 1134 atque
1100 1065 1296 1112 concessum
1318 1052 1369 1112 est
1385 1045 1562 1138 evangelio
1579 1045 1665 1122 desu
1684 1049 1825 1144 Christi,
1860 1055 1953 1146 quod
2002 1071 2006 1078 '
2063 1126 2065 1134 ,

288 1209 290 1214 -
372 1165 509 1236 coelesti
532 1166 666 1234 numine
689 1187 766 1236 cum
792 1187 918 1258 genero
943 1164 1091 1237 humano
1118 1151 1400 1236 communicatum
1419 1191 1510 1254 esse,
1546 1171 1791 1272 cordatissimus
1812 1181 1952 1271 quisque

368 1291 429 1386 pio
444 1299 611 1384 gratoque
628 1292 841 1370 animisemu
855 1291 1048 1383 profitetur,
1074 1315 1176 1360 nemo
1192 1291 1400 1387 tamendicti
1416 1293 1501 1361 illius
1524 1295 1669 1366 Paulini:
1696 1277 1808 1396 Excitat
1823 1301 1880 1378 τὸν
1900 1312 1954 1400 θη.
1987 1285 1989 1288 *
2089 1345 2095 1356 .
2112 1237 2122 1254 ⁹

370 1411 492 1512 octupiis
505 1419 620 1488 τοῦτον
633 1415 666 1487 ἐν
684 1410 890 1512 ὀστρακίνοις
904 1412 1052 1488 σκεύεσιν
1070 1415 1157 1484 adeo
1173 1417 1234 1485 erit
1248 1417 1443 1506 immemor,
1469 1427 1507 1504 ut
1531 1418 1644 1490 dicere
1666 1424 1805 1516 audeat,
1832 1426 1953 1498 huma-

369 1665 524 1746 ateusris
541 1666 658 1735 imbuti
674 1675 769 1738 erant
792 1676 826 1734 et
845 1665 989 1734 innutriti
1014 1667 1159 1757 apostoli
1173 1668 1343 1758 ceterique
1358 1667 1443 1736 desa
1459 1671 1632 1760 aequales,
1666 1672 1843 1765 ipsumque
1865 1678 1952 1746 adeo

368 1791 525 1860 orationis
547 1812 672 1918 genus,
706 1812 774 1882 quo
798 1791 883 1859 sacri
908 1791 1086 1883 scriptores
1109 1793 1158 1860 usi
1172 1799 1272 1880 lauat,
1298 1790 1331 1858 in
1351 1791 1442 1860 hunc
1456 1817 1594 1863 censum
1607 1795 1739 1866 cadere.
1795 1799 1952 1886 Quodsi

367 1938 484 1985 rerum
499 1925 552 1986 est
566 1909 607 1983 ac
624 1915 650 1983 si
658 1937 763 2007 ‚quo
781 1916 884 1984 semel
905 1922 956 1983 est
973 1916 1100 1984 imbuta
1114 1939 1252 2004 recens,
1279 1917 1423 1986 servabit
1438 1918 1579 1988 odorem
1600 1909 1686 1989 testa
1703 1921 1778 2011 aba,
1811 1923 1884 2012 quis
1903 1937 1952 1993 est

368 2040 561 2132 theologiae
583 2040 791 2110 Christianae
812 2042 1015 2134 intelligens,
1050 2042 1129 2132 quin
1151 2041 1224 2134 ipse
1246 2041 1308 2110 sibi
1329 2041 1470 2133 orbique
1485 2041 1673 2112 Christiano
1689 2033 1949 2164 congratuletur

365 2164 514 2234 Philonis
532 2189 604 2236 esse
618 2167 842 2260 theologiam,
877 2189 965 2258 quae
1005 2167 1135 2236 alibris
1161 2163 1367 2258 apocryphis
1397 2165 1526 2236 Veteris
1543 2167 1751 2238 Testamenti
1778 2174 1950 2276 transitum

366 2298 465 2382 paret
483 2290 527 2360 ad
544 2292 633 2362 Novi
646 2291 808 2364 Foederis
825 2293 946 2384 libros,
972 2314 1060 2382 quae
1074 2299 1140 2360 utta
1158 2313 1235 2358 curn
1249 2289 1438 2362 notionibus
1454 2295 1569 2361 'rerum
1585 2293 1787 2383 divinarum,
1820 2319 1948 2388 aequa·

363 2416 446 2484 lium
470 2411 556 2484 Jesu
573 2415 739 2509 propriis,
782 2417 902 2507 quibus
923 2387 1104 2492 continuari
1133 2414 1321 2484 doctrinam
1351 2413 1573 2485 Christianam
1599 2403 1748 2522 constat,
1789 2423 1950 2524 orationis
2005 2507 2008 2518 ι

364 2543 432 2610 vim
456 2551 491 2610 et
510 2552 662 2612 naturam
679 2543 908 2636 apostolorum
931 2563 972 2610 eo
990 2542 1121 2634 planius
1141 2539 1291 2631 aperiat,
1323 2561 1393 2630 quo
1416 2541 1556 2633 propius
1587 2525 1764 2614 Philonem
1800 2547 1844 2617 ab
1866 2549 1946 2643 ipsis

308 2703 313 2710 ·
365 2667 531 2760 evangelii
547 2665 711 2736 arathus
725 2665 844 2738 abesse
861 2666 1031 2757 ridemus,
1058 2687 1144 2757 quac
1159 2664 1304 2754 denique
1320 2665 1433 2754 faciat,
1459 2674 1496 2734 ut
1512 2654 1624 2734 divina
1640 2668 1728 2736 Nori
1741 2669 1947 2746 Testamenti

184 2805 188 2812 ·
262 2812 263 2818 ¹
344 2781 520 2886 'oracula,
545 2792 654 2883 probe
668 2791 842 2862 intellectis
857 2784 1174 2880 diceudiformulis,
1207 2789 1269 2858 rite
1284 2789 1415 2881 possint
1432 2791 1503 2860 erui
1519 2790 1741 2883 sordibusque
1759 2809 1946 2892 expurgata

363 2939 425 2986 suo
445 2917 569 2985 lumine
584 2917 788 3009 splendere?
840 2914 933 3012 Quid
950 2914 1085 3005 quodsi
1103 2913 1250 3005 aliquam
1263 2913 1361 2983 nobis
1382 2915 1506 2983 alicubi
1530 2938 1627 3007 spem
1646 2917 1781 2989 fortuna
1796 2945 1947 2996 reserva-

361 3043 421 3134 vit,
446 3065 548 3136 posse
564 3062 644 3109 vero
659 3043 708 3109 rei
727 3041 935 3110 Christianae
952 3062 1019 3109 non
1035 3050 1193 3132 tanquam
1208 3043 1446 3132 νσήτοῦσσνσςς
1474 3025 1589 3108 earum
1606 3042 1694 3108 enim
1709 3065 1832 3135 rerum,
1859 3071 1947 3140 quae

362 3170 436 3238 sola
449 3175 561 3238 mente
580 3165 929 3258 comprehenduntur,
956 3165 1114 3233 coelestia
1131 3187 1204 3232 esse
1221 3164 1349 3232 semina
1363 3173 1511 3247 constat;
1537 3164 1599 3234 sed
1620 3175 1778 3260 tanquam
1794 3179 1945 3267 φαινσμέ,

360 3319 417 3368 acu
431 3293 615 3387 primordia
629 3292 789 3362 historiae
803 3293 882 3360 luce
895 3273 1105 3380 collustrata,
1131 3288 1368 3376 demonstrari,
1394 3311 1462 3384 ego
1478 3289 1657 3382 equidem,
1684 3303 1843 3382 quantum
1860 3320 1943 3368 con-

354 3420 490 3514 jectura
507 3439 675 3511 auguror,
701 3440 769 3486 non
783 3414 947 3508 despero,
971 3415 1047 3484 lore
1063 3415 1142 3482 olim
1155 3423 1301 3506 tempus,
1328 3435 1431 3503 quum
1445 3414 1631 3507 intelligant
1646 3415 1825 3524 Christiani
1841 3419 1940 3494 theo-

359 3547 449 3639 logi,
473 3541 714 3613 Prometheum
736 3543 900 3635 evangelii
916 3542 1031 3634 ignem
1052 3538 1187 3608 aliunde
1204 3560 1373 3628 nunquam
1390 3539 1451 3606 nisi
1472 3561 1514 3606 ex
1526 3537 1744 3611 disseminatis
1760 3545 1940 3641 allegoria-

359 3693 435 3738 rum
459 3691 630 3738 sacrarum
652 3691 716 3760 per
738 3687 930 3759 synagogas
954 3663 1163 3734 dudacorum
1191 3665 1337 3734 scintillis
1361 3663 1543 3733 etnicuisse.
1594 3663 1665 3736 Sed
1686 3669 1836 3755 quamvis
1864 3672 1939 3763 sint,
2037 3654 2041 3660 ¹

360 3794 643 3891 quorumjudicio
656 3793 742 3862 baec
755 3791 828 3861 talis
851 3813 947 3882 spes,
974 3789 1084 3861 sinon
1104 3775 1207 3884 impia
1226 3799 1260 3860 et
1276 3789 1419 3878 nefaria,
1441 3798 1476 3857 at
1489 3789 1581 3858 variis
1598 3791 1800 3862 somniorum
1818 3795 1938 3891 imagi·

358 3921 456 3990 nibus
472 3917 724 3988 adnumeranda
741 3941 813 3991 esse
827 3915 995 4000 videatur,
1012 3905 1104 3984 ‘titud
1120 3925 1212 3984 certe
1223 3917 1340 4009 negari
1356 3936 1423 3986 non
1435 3921 1564 4006 potest,
1591 3913 1636 3982 ad
1650 3911 1806 3986 historiae
1816 3920 1937 4018 eccle·

358 4019 509 4113 siasticao
540 4041 731 4113 interiorem
751 4043 900 4112 notitiam
922 4063 942 4109 e
967 4039 1115 4108 Philonis
1132 4037 1307 4132 theologia
1324 4039 1434 4110 multis
1451 4037 1637 4108 nominibus
1652 4039 1793 4110 multum
1806 4043 1934 4133 pratici.

357 4168 451 4238 Nihil
469 4168 556 4237 enim
576 4167 686 4236 dicam
705 4167 749 4237 de
766 4166 940 4258 theologia
953 4174 987 4232 et
1002 4163 1227 4256 Christologia
1239 4165 1378 4232 Patrum
1391 4162 1551 4232 ecciesiae
1565 4165 1701 4254 veteris,
1727 4165 1807 4233 nibil
1823 4165 1867 4235 de
1881 4169 1934 4238 iu-

355 4293 563 4386 terpretandi
579 4295 707 4362 ratione
723 4293 925 4384 allegorica,
966 4312 1069 4381 quam
1090 4312 1132 4358 cx
1146 4288 1310 4358 Philoneo
1327 4289 1422 4358 fonte
1435 4283 1590 4355 latissime
1611 4299 1835 4382 propagatam
1860 4314 1933 4363 esse
1955 4315 1958 4326 ·

226 4446 229 4452 ·
356 4395 504 4500 coustat;
536 4441 603 4487 uno
626 4419 698 4487 solo
713 4415 882 4510 defungar
894 4415 1049 4507 exemplo
1073 4414 1244 4483 doctrinae
1261 4413 1305 4482 de
1322 4407 1567 4524 contemnendo
1582 4435 1741 4504 corpore,
1774 4411 1819 4484 de
1845 4416 1931 4486 vitas
1977 4399 1979 4407 ¹

355 4691 444 4760 quae
462 4667 651 4736 mortalium
666 4667 767 4735 vitam
780 4665 825 4734 ad
840 4665 941 4756 mnus
953 4664 1020 4733 Dei
1033 4661 1230 4757 religionem
1246 4685 1288 4729 ac
1306 4661 1553 4730 sanctimoniam
1568 4661 1732 4753 adducat,
1759 4665 1931 4759 dignitate,

355 4815 444 4885 quae
459 4792 596 4884 quidem
612 4789 785 4881 doctrina,
811 4791 870 4858 etsi
884 4789 1086 4884 monasticae
1105 4789 1191 4857 vitae
1214 4785 1376 4878 originem
1396 4783 1528 4854 dedisse
1542 4795 1635 4854 recte
1650 4785 1788 4896 dicitur,
1820 4799 1931 4860 umen

353 4905 484 4988 mutum
507 4915 621 5006 abeat,
657 4924 696 4984 ut
708 4937 771 5007 per
781 4913 981 4982 recentiores
1005 4912 1141 4982 demum
1156 4909 1369 4980 Platonicos
1360 4931 1395 4978 m
1407 4908 1583 4978 ecclesiam
1598 4908 1752 5004 inducta,
1785 4925 1859 5007 aut,
1893 4926 1932 4985 ut

235 5061 241 5070 ·
353 5041 519 5112 nonnullis
532 5041 657 5133 placet,
671 5040 736 5109 ab
728 5061 807 5132 rpsts
820 5035 906 5108 adeo
919 5037 1076 5134 apostolis
1091 5035 1246 5200 prolecta
1260 5035 1319 5121 sit,
1344 5042 1381 5103 ut
1394 5033 1437 5102 ab
1454 5021 1569 5104 ultima
1583 5035 1775 5125 antiquitate
1786 5037 1929 5129 repetito

1466 5169 1518 5236 a*
1734 5171 1737 5183 '
