5232 6344
715 643 766 718 es

720 851 1058 924 norammrirtutuin
1086 855 1251 918 sementes
1276 793 1351 918 sunt
1380 847 1553 946 (117,e.
1598 844 1771 944 γόνιμον
1798 845 1860 936 ἔξει
1885 846 1994 946 ψυχήν
2019 851 2299 952 αναρποιρόε
2339 845 2344 852 ’

722 979 824 1074 ρον),
852 975 1003 1066 dumque
1016 975 1175 1042 irruente
1194 974 1363 1066 sapientis,
1390 995 1492 1064 quam
1505 975 1709 1066 provinciam
1724 975 1854 1046 sortitus
1881 986 1931 1047 est
1955 974 2155 1067 (669,1.),
2181 977 2299 1050 sedem

721 1127 761 1170 ac
787 1098 988 1170 domicilium
1011 1099 1124 1190 posuit
1146 1099 1251 1190 (249,
1279 1093 1439 1191 1.ο1ςμ
1466 1093 1483 1169 ὁ
1510 1099 1619 1195 ψυχῆς
1647 1101 1715 1192 βίος
1738 1099 1933 1194 Ιτετίμηται,
1968 1095 2080 1196 λόγος·
2077 1105 2170 1185 Θεῖος
2191 1105 2298 1176 ένοι-
2398 1123 2401 1134 ·

640 1217 643 1232 ’
721 1226 1024 1313 caeteteros
1055 1229 1228 1316 πνεῦμα.
1264 1224 1362 1313 270,
1390 1217 1500 1312 et)
1530 1219 2087 1317 Θείοςλόγοςιισιι1ειιῐιιιιιιτιυι16,
2114 1219 2297 1292 dumuitre
2368 1227 2372 1248 ¹

722 1351 872 1438 citroque
894 1357 1077 1434 commeat,
1104 1349 1190 1416 coeli
1216 1348 1418 1416 commercia
1440 1345 1630 1436 frequentat
1668 1319 1784 1436 (166,
1813 1352 1874 1423 1.4
1906 1373 1937 1420 τ.
1959 1350 2150 1422 τόλεων-
2183 1342 2298 1434 όΘεὸς

719 1501 750 1546 τ.
775 1469 860 1570 λόγῳ
886 1511 938 1524 --
962 1468 1029 1546 ἀπὸ
1056 1499 1087 1546 τ.
1111 1466 1323 1570 περιγεέυν’
1303 1467 1437 1564 αγαγιὸν
1458 1465 1502 1556 ὦς
1524 1468 1650 1562 ἑαυτὸν,
1672 1472 1716 1542 cf.
1738 1475 1824 1562 646,
1844 1472 1914 1563 2.)ι
1939 1471 2002 1540 sed
2015 1471 2161 1542 etiamen
2183 1493 2221 1540 se
2236 1482 2295 1540 eoi

720 1600 834 1666 mitem
855 1597 929 1664 viae
956 1597 1078 1666 adres
1102 1597 1228 1666 divinas
1261 1595 1536 1687 contemplandas
1554 1619 1618 1688 per
1644 1597 1730 1666 coeli
1756 1598 1863 1688 spatia
1892 1595 2044 1688 adjungit
2077 1596 2190 1685 (661,
2235 1599 2296 1670 62.

722 1721 1079 1817 συνοιδοπορεῐν),
1105 1729 1330 1810 aeternaeque
1355 1721 1443 1788 vitae
1466 1741 1544 1788 eum
1565 1721 1765 1822 participem
1786 1721 1899 1790 reddit
1920 1719 2028 1811 (660,
2055 1724 2117 1795 64.
2142 1715 2297 1816 inadpa-
2363 1779 2365 1782 .

582 1879 584 1886 ·
723 1843 862 1938 σάμενος
889 1869 920 1914 τ.
943 1843 1092 1941 νάματος
1118 1843 1193 1918 ἀντὶ
1223 1840 1363 1918 Θανάτου
1387 1841 1491 1939 ζωὴν
1517 1840 1652 1918 οἱῖδιον
1677 1837 1772 1920 ἆθλον
1796 1842 1958 1942 εὕρηται).

678 2055 682 2070 ι
877 1968 1037 2039 Ceterum
1062 1970 1130 2039 hoc
1163 1971 1220 2039 tali
1249 1963 1410 2038 auxilio‘
1394 1994 1411 2040 ο
1441 1973 1521 2050 ieie<
1541 1963 1637 2060 λόγος
1660 1991 1728 2048 nou
1751 1980 1884 2062 praesto
1905 1979 1970 2058 est,
2005 1970 2067 2037 nisi
2088 1991 2129 2038 ea
2150 1913 2229 2062 lage
2261 1977 2296 2038 et

723 2095 931 2180 conditione,
956 2103 993 2164 ut
1012 2104 1168 2188 paratum
1188 2093 1372 2162 habeamus
1404 2092 1448 2159 ad
1470 2114 1547 2160 eum
1572 2092 1806 2185 excipiendum
1828 2095 1984 2165 animum.
2037 2095 2131 2183 117,
2167 2095 2202 2166 6.
2237 2087 2294 2164 ἐὰν

722 2215 785 2294 ὑπὸ
809 2215 930 2304 παθους
948 2245 995 2315 μη
1018 2223 1154 2316 μιανΘῄ,
1183 2213 1431 2313 καθαρεύσῃ
1455 2218 1493 2289 δὲ
1522 2213 1622 2312 πρὸς
1647 2243 1678 2289 τ.
1703 2213 1881 2312 νόμιμον
1909 2214 2056 2312 ἄνδρα
2104 2219 2196 2304 120,
2232 2218 2293 2296 67.

721 2347 874 2442 φαίνεται
903 2339 930 2414 δ’
953 2338 990 2414 οὐ
1012 2348 1182 2436 πανταχοῦ
1210 2339 1228 2414 ό
1257 2337 1351 2437 λόγος
1378 2333 1491 2432 οὗτος,
1525 2336 1595 2414 ἀλλ’
1622 2338 1668 2414 ἐπ’
1705 2338 1859 2438 ἐρήμου
1891 2345 2029 2414 παθῶν
2059 2367 2092 2414 ν.
2120 2327 2292 2414 aureos.

721 2473 809 2559 668,
834 2471 894 2544 42.
921 2465 1051 2540 ἐπειδὰν
1080 2456 1304 2542 ἀσθένειαν
1330 2462 1518 2562 ὁμολογήσῃ
1545 2459 1608 2556 rip
1633 2468 1763 2540 ἑαυτοῦ..
1789 2467 1911 2556 Neque
1933 2487 2011 2534 rere
2033 2465 2116 2534 iliud
2136 2466 2293 2536 currilium

640 2675 645 2684 Ι
720 2604 778 2662 aut
798 2592 907 2662 insciis
926 2585 1022 2660 uobis
1047 2593 1224 2688 contingit,
1259 2603 1317 2662 aut
1338 2593 1442 2661 invitis
1474 2587 1682 2679 obtruditur,
1716 2599 1774 2696 aut
1796 2613 1860 2682 per
1885 2591 2037 2660 inertiam
2055 2591 2167 2660 otiosis
2188 2591 2293 2660 obre·
2334 2649 2342 2660 .

617 2791 619 2796 ,
720 2721 789 2811 pit3
815 2716 885 2792 sed,
900 2717 1021 2786 eadem
1045 2719 1099 2788 ria
1122 2725 1157 2786 et
1174 2713 1318 2800 ratione,
1353 2735 1441 2802 quae
1472 2720 1626 2784 aeternae
1647 2715 1717 2807 lagi
1748 2723 1886 2784 naturae
1910 2724 2044 2784 noemae
2068 2726 2291 2786 musonem

721 2845 779 2930 sit«,
806 2865 869 2934 per
886 2841 1088 2910 luculentam
1114 2839 1185 2908 veri
1209 2838 1432 2931 cognitionem
1459 2846 1651 2928 certamque
1672 2827 1742 2908 veri
1763 2829 1894 2926 tidem,
1920 2860 2007 2929 quae
2023 2863 2089 2910 ,nos
2104 2839 2227 2932 jubeat
2249 2864 2290 2913 ea

643 2945 645 2952 Ι
720 2969 849 3054 facere,
882 2987 969 3055 quae
992 2965 1146 3036 facienda
1172 2988 1244 3034 esse
1266 2962 1488 3054 intelligimus.
1540 2962 1631 3032 Dens
1655 2965 1743 3032 crrim
1764 2951 1858 3055 219,
1874 2967 1936 3038 26
1962 2987 2032 3054 seq.
2051 2961 2198 3051 κολάζων
2221 2967 2310 3038 tm·-

618 3107 625 3116 ·
721 3094 816 3175 αιτῶς
839 3115 872 3161 κ.
895 3085 1026 3186 πρᾴως,
1051 3087 1114 3162 ἅτε
1137 3080 1280 3183 χρηστὸς
1304 3083 1363 3176 ὧν,
1391 3083 1706 3181 imminueretur&
1731 3083 1963 3186 ἁμαρτήματα
1986 3085 2057 3161 τὸν
2088 3113 2307 3185 συρρονι-Ι
2373 3085 2377 3094 ’

720 3209 824 3304 στὴν
849 3215 1043 3312 ἔλεγχον,
1067 3206 1136 3284 τὸν
1168 3214 1327 3283 ἑαυτοῦ
1362 3205 1508 3301 λόγον,
1550 3211 1596 3294 εἰς
1618 3234 1648 3281 τ.
1673 3207 1818 3286 διάνοιαν
1841 3213 2032 3312 ἐκπέμψας,
2058 3207 2096 3284 δι’
2126 3203 2164 3285 οὖ
2184 3217 2288 3290 δυσυ-

665 3344 677 3438 ζ
719 3333 834 3430 πόσας
851 3361 883 3409 ιο
906 3331 1063 3422 ὀνειδίσας
1084 3336 1158 3434 περὶ
1177 3326 1220 3409 (ὸν
1243 3335 1507 3426 ἐπλημμέλησεν,
1534 3328 1639 3426 αὐτὴν
1663 3332 1805 3410 ἰάσεται.
1831 3337 1927 3406 Neve
1951 3337 2082 3406 dubites
2100 3339 2287 3434 ἔλεγχον

719 3483 798 3534 vere
821 3483 894 3532 esee
919 3459 1051 3552 dicique
1074 3457 1195 3556 λόγον
1217 3463 1343 3546 Θεῐον,
1376 3455 1453 3524 vide
1471 3458 1669 3550 ampliorem
1687 3461 1760 3553 ejus
1783 3461 2039 3554 descriptionem
2058 3461 2143 3552 196,
2164 3461 2283 3536 60.-

603 3579 605 3586 ’
722 3591 806 3678 196,
835 3591 869 3662 8;
895 3589 982 3675 292,
1007 3580 1260 3681 ·49.(1ερε6ς
1285 3584 1482 3676 ἔλεγχος).
1509 3619 1554 3635 -
1590 3587 1687 3676 296,
1713 3590 1747 3658 4.
1774 3590 1869 3675 299,
1893 3589 1954 3660 26.
1981 3584 2033 3652 011
2058 3579 2119 3658 20.
2142 3589 2284 3668 6066.
2361 3599 2363 3602 ’

718 3711 806 3800 647,
832 3714 867 3784 6.
890 3707 951 3782 16.
976 3707 1125 3795 aiteio,
1150 3693 1329 3801 ἔλεγχος.
1356 3706 1443 3795 672,
1470 3709 1531 3797 46,
1567 3729 1609 3775 ex
1632 3706 1718 3777 Gen.
1744 3712 1803 3798 16,
1838 3713 1872 3783 7.
1909 3709 1962 3776 cli
1987 3706 2077 3798 676,
2099 3707 2160 3784 26.
2195 3713 2285 3819 677,

719 3835 780 3910 66.
811 3835 1000 3926 ἔλεγχος,
1044 3827 1145 3919 Θεός.
1196 3832 1293 3901 Haec
1312 3831 1473 3900 hacteuus
1499 3829 1543 3900 de
1563 3833 1807 3904 necessitudine
1835 3859 1866 3908 τ
1892 3834 1973 3906 Θείου
1995 3827 2093 3927 λόγου
2120 3859 2197 3908 cum
2217 3863 2283 3934 ge-
2327 3817 2328 3824 ὸ

715 3982 796 4030 nere
816 3957 973 4028 humano.
1168 3980 1170 3990 ·

868 4079 913 4172 5)
938 4083 1018 4151 Jarn
1042 4083 1176 4173 qualem
1198 4103 1236 4148 se
1259 4102 1342 4172 erga
1365 4081 1587 4172 populum
1611 4081 1905 4152 israeliticum
1929 4027 2139 4176 praestiterit,
2164 4088 2281 4160 riden-

716 4229 807 4278 mus.-
849 4207 903 4276 Ac
924 4207 1069 4298 primum
1092 4205 1228 4296 quidem
1249 4203 1455 4296 patriarchas
1477 4207 1606 4298 quippe
1626 4207 1742 4289 αἰῶνος
1765 4208 1871 4301 μέτρα
1901 4205 2021 4298 (466,
2054 4207 2138 4299 46.)
2170 4222 2204 4280 et
2225 4237 2281 4286 σο

715 4327 959 4430 ριάςροόνονας
993 4331 1055 4420 (2,
1081 4333 1153 4419 96,
1183 4333 1218 4402 6.
1255 4329 1307 4397 cli.
1331 4329 1392 4418 41,
1418 4324 1468 4421 2)
1492 4351 1535 4397 er
1558 4327 1709 4398 Philonis
1730 4330 1890 4398 sententia
1919 4333 1953 4399 in
1979 4331 2154 4422 defuisse,
2195 4357 2278 4430 quoe
2352 4411 2355 4422 Ι
2434 4373 2437 4383 ψ

715 4459 770 4530 iiic
795 4456 841 4524 ait
865 4479 896 4527 τ.
918 4450 1013 4548 λόγον
1033 4457 1220 4527 πεπονθέναι
1245 4452 1348 4544 (121,
1372 4451 1447 4542 19.)
1481 4475 1558 4524 eum
1583 4475 1648 4545 per
1668 4475 1705 4522 re
1727 4465 1985 4524 consentaneum
2006 4467 2097 4548 erat,
2132 4468 2203 4528 tum
2225 4469 2278 4528 te-

562 4621 566 4630 ·
715 4581 871 4654 stimoniis
891 4561 989 4648 certis
1014 4588 1152 4651 constat.
1202 4575 1474 4648 abrahamus
1495 4579 1603 4666 enim,
1629 4574 1741 4674 πατὴρ
1766 4576 1918 4665 ἐκλεκτός
1941 4576 2043 4674 η’χσιῑς
2057 4585 2114 4672 (2,
2139 4585 2196 4672 16,
2212 4587 2276 4670 62,

713 4707 809 4798 67),
824 4711 1014 4802 postquam
1035 4700 1161 4799 ιτατρός
1181 4698 1278 4792 eines,
1303 4697 1396 4795 λόγον
1417 4697 1612 4796 προφορικόν
1634 4703 1816 4792 reliquerat
1837 4706 1943 4795 (221,
1966 4705 2052 4795 36.)
2070 4699 2155 4800 λόγῳ
2173 4698 2278 4780 (ὅπως.

711 4835 758 4928 τᾷ
779 4835 858 4902 Θεοῦ·
872 4831 977 4921 (661,
998 4829 1059 4902 21.
1088 4829 1140 4896 cll.
1161 4830 1248 4918 660,
1270 4829 1328 4898 10.
1349 4824 1446 4914 64),
1472 4847 1576 4916 quum
1595 4827 1694 4918 Ager
1719 4825 1879 4896 duntaxat
1897 4825 2048 4924 ἄγγελον,
2073 4831 2152 4900 ereo
2168 4825 2275 4925 λόγον,

710 4954 846 5026 obvium
866 4952 1007 5022 habaet
1034 4948 1138 5044 (647,
1160 4955 1223 5033 6.).
1260 4949 1357 5070 ldem
1383 4949 1470 5038 466,
1495 4951 1555 5022 27.
1582 4951 1641 5036 ἕως
1665 4975 1699 5045 μ.
1722 4946 1761 5024 ot
1788 4955 2012 5042 τετελεέοπαι,
2046 4945 2225 5050 ἡγεμόνι
2244 4981 2275 5030 τ.
2301 4977 2303 4980 ·
