5232 6344
360 2257 465 2374 Sunt
490 2312 601 2373 certae
622 2301 806 2393 quaedam,
839 2314 876 2375 ut
894 2307 927 2376 in
950 2307 1040 2376 omni
1059 2307 1230 2378 literarum
1250 2325 1395 2402 genere,
1426 2305 1474 2375 ita
1491 2305 1526 2376 in
1547 2294 1721 2400 theologia
1740 2308 1929 2400 opiniones,
2063 2390 2068 2398 ,

360 2431 448 2520 quae
473 2448 537 2497 usu
569 2437 727 2522 receptae
756 2438 791 2498 et
828 2453 850 2498 a
886 2432 1066 2502 maioribus
1100 2455 1165 2526 per
1202 2454 1319 2503 manue
1346 2429 1489 2502 traditae
1517 2431 1601 2500 sicut
1637 2429 1729 2500 numi
1757 2434 1869 2503 valent
1897 2435 1958 2516 in¹

359 2552 565 2622 commerciis
583 2551 789 2624 literatorum
806 2552 979 2627 hominum
995 2565 1191 2650 tantamque
1209 2565 1373 2630 vetustate
1386 2577 1452 2626 uon
1470 2555 1578 2625 minus
1603 2575 1707 2645 quam
1730 2553 1931 2625 clarissimo·

358 2696 434 2744 rum
457 2675 605 2747 virorum
623 2678 866 2772 approbatione
892 2691 1119 2774 consequutae
1132 2691 1214 2764 sunt
1238 2682 1468 2752 auctoritatem
1476 2733 1492 2769 ,
1528 2701 1585 2748 aaa
1613 2690 1651 2749 ut
1679 2681 1843 2774 attingere
1872 2693 1930 2754 aut

359 2799 457 2867 etiam
475 2799 600 2870 violare
618 2803 773 2896 religioni
790 2810 959 2894 ducatur„
989 2807 1069 2893 Quo
1089 2809 1122 2877 in
1138 2829 1279 2878 numero
1304 2802 1535 2898 reponendam
1563 2827 1657 2890 esse,
1692 2825 1794 2894 quarn
1825 2805 1930 2896 pleri-

359 2945 425 3016 que
444 2922 598 3019 theologi
623 2947 683 2996 ore
702 2935 736 2996 et
761 2907 900 3022 scriptis
917 2930 1061 3024 professi
1079 2941 1172 3020 sunt,
1208 2931 1252 3002 de
1279 2925 1365 3028 λόγῳ
1392 2927 1557 2998 Philouao
1585 2927 1802 3012 sententiam,
1832 2929 1929 2998 affir-

357 3069 450 3118 mare
466 3070 534 3120 non
560 3049 686 3134 dubito.
736 3052 826 3122 Nam
844 3075 949 3144 quum
965 3078 1066 3126 nemo
1082 3056 1124 3126 sit
1142 3077 1277 3144 eorum,
1303 3053 1362 3147 qui
1377 3053 1499 3142 iustam
1516 3061 1552 3124 et
1566 3051 1751 3146 legitimam
1768 3051 1930 3128 librorum

356 3193 527 3244 sacrorum
549 3175 856 3268 interpretationem
874 3178 993 3249 iisdem
1010 3182 1162 3274 legibus,
1192 3203 1280 3273 quae
1296 3178 1536 3272 profanorum,
1567 3200 1654 3268 quos
1673 3176 1810 3265 dicunt,
1845 3181 1928 3250 scri·

354 3306 492 3390 ptorum
517 3309 668 3368 veterum
686 3299 859 3395 interpreti
876 3306 1071 3399 propositae
1090 3315 1185 3387 sunt,
1219 3304 1327 3375 teneri
1347 3311 1523 3390 censeant,
1557 3301 1640 3391 quin
1667 3311 1762 3370 auam
1790 3301 1853 3372 sibi
1882 3303 1927 3402 de

352 3411 440 3520 λὸγῴ
455 3421 621 3494 Philoneo
647 3427 843 3496 sententiam
861 3439 972 3500 mente
988 3429 1239 3515 informaverit,
1270 3435 1383 3496 tamen
1400 3425 1458 3496 hio
1476 3427 1570 3497 locus
1592 3431 1722 3493 mutum
1740 3423 1854 3515 abest,
1889 3441 1927 3500 ut

279 3547 283 3554 '
353 3546 388 3616 iu
405 3549 638 3645 pervestigatis
663 3549 840 3622 habendus
859 3552 921 3643 sit,
945 3563 984 3625 ut
1002 3578 1046 3627 ne
1065 3563 1141 3627 sads
1161 3553 1356 3649 explanatus
1375 3549 1512 3644 quidem
1530 3547 1643 3620 adhue
1662 3571 1735 3620 esse
1759 3551 1923 3628 videatur.

354 3669 459 3758 Quod
477 3674 566 3743 enim
591 3673 724 3764 dieunt,
755 3672 851 3774 λὰγον
870 3668 944 3750 esse
963 3678 1154 3776 duplicem,
1173 3675 1350 3755 ἐνδιάθετον
1367 3686 1402 3748 et
1416 3671 1630 3776 προφορικόν,
1649 3673 1796 3746 ωθᾶῑῑω
1814 3701 1922 3774 quan·

353 3792 432 3866 dam
450 3795 562 3868 Deum
578 3796 664 3870 iuter
687 3799 905 3896 hominesque
923 3816 1096 3896 naturam,
1120 3805 1264 3878 eandem
1281 3823 1360 3874 eum
1378 3799 1489 3870 diviua
1507 3799 1666 3895 sapientia
1685 3807 1720 3869 et
1735 3822 1799 3893 per
1815 3825 1925 3894 quan·

286 3955 288 3962 a
351 3917 432 3990 dam
460 3925 555 4015 quasi
582 3927 827 3998 emanationem
859 3951 903 3998 ex
919 3929 995 4024 ipso
1015 3931 1091 4002 lieo
1109 3939 1336 4025 prognatam,
1369 3924 1517 3995 Philonis
1535 3933 1648 3995 autem
1667 3923 1712 3995 de
1731 3947 1772 3994 ea
1790 3937 1923 3998 seuwu-

350 4044 431 4114 tiam
457 4067 535 4118 cum
561 4069 604 4118 ex
628 4044 835 4123 orientalium
868 4055 1004 4147 antiqua
1027 4054 1264 4150 philosophia,
1301 4061 1376 4122 tum
1398 4070 1481 4118 vero
1505 4068 1549 4116 ex
1570 4047 1806 4119 Hebraeorum
1829 4049 1921 4122 libris

351 4169 452 4239 uaeris
477 4183 536 4241 aut
552 4171 699 4246 Platonis
726 4177 868 4252 decretis
887 4181 1052 4274 originem
1076 4180 1231 4282 duxisse,
1261 4176 1346 4248 illud
1370 4172 1508 4268 quidem
1532 4193 1584 4242 ex·
1597 4183 1694 4285 parte
1717 4176 1834 4243 ieram
1861 4185 1921 4264 eat,

350 4291 413 4363 aad
435 4315 648 4390 nequaquam
664 4302 700 4372 iu
716 4303 782 4373 isto
799 4314 875 4376 sunt
894 4305 1021 4378 omnia:
1050 4314 1089 4376 ut
1113 4307 1150 4378 in
1173 4303 1240 4408 hae
1264 4311 1357 4374 tauta
1379 4321 1449 4370 nou
1474 4295 1583 4368 salem
1606 4297 1709 4393 ipsius
1733 4299 1921 4392 argumenti

350 4417 412 4489 aed
436 4419 536 4489 etiam
555 4421 816 4519 disputationum
836 4428 880 4500 de
899 4451 941 4500 eo
960 4439 1159 4528 argumento
1184 4431 1385 4524 agitaturum
1409 4421 1569 4517 ambigua
1594 4429 1629 4492 et
1645 4421 1771 4490 ineam
1794 4421 1918 4494 omau-

349 4545 468 4638 ritate,
494 4525 578 4639 quid
601 4571 683 4622 vero
701 4553 751 4622 rei
770 4555 811 4624 sit
838 4563 874 4623 et
892 4554 975 4646 quid
993 4555 1056 4626 sibi
1072 4554 1152 4627 inde
1170 4553 1318 4624 utilitatis
1338 4550 1384 4621 ad
1398 4549 1546 4645 privatos
1563 4555 1598 4618 et
1620 4543 1820 4616 domesticae
1839 4565 1919 4616 usur

349 4667 551 4762 eapiendum
569 4697 643 4744 esse
666 4685 808 4769 putent,
843 4678 1054 4772 aplerisque
1077 4679 1258 4774 ignoretur.
1316 4675 1437 4768 ltaque
1464 4695 1571 4766 quum
1596 4667 1765 4756 udemm,
1800 4667 1858 4761 qui
1884 4675 1919 4740 tn
2013 4685 2017 4694 ·

347 4789 416 4902 hoc
441 4807 639 4889 argumento
657 4800 858 4894 explicando
875 4800 991 4872 adhue
1008 4806 1242 4893 remiserat,
1267 4824 1378 4897 paene
1396 4799 1442 4871 ad
1460 4813 1567 4870 unum
1582 4815 1698 4866 omnes
1723 4799 1782 4862 aut
1807 4813 1830 4860 a
1854 4811 1918 4883 pa-

275 4897 279 4908 '
347 4923 437 4988 aum
455 4919 617 5016 erasas
635 4922 778 5024 recena
794 4936 948 4999 aanor
967 4927 1013 4998 aa
1030 4928 1178 5002 emona
1193 4927 1340 5001 sanum
1361 4924 1539 5000 aeson
1554 4929 1605 5010 a,
1625 4937 1714 5011 qaae
1731 4913 1825 5012 apud
1842 4915 1917 4985 illos

571 5079 576 5092 ι
1229 5061 1233 5066 ’
1479 5059 1504 5132 1
