5232 6344
671 659 852 734 52‘

676 863 818 957 (0.15.)
840 874 979 958 spectat.
1007 865 1097 956 497,
1119 866 1181 940 90.
1207 859 1295 962 ἀρχή
1308 867 1463 960 γενέσεως
1480 853 1591 954 diade.
1621 873 1701 938 Utut
1712 871 1894 963 acceperis,
1918 869 2097 946 Philonem
2111 875 2254 950 habebis

676 991 946 1078 consentientem,
959 999 1077 1083 utpote
1092 990 1150 1080 qui
1165 987 1228 1078 59,
1247 990 1413 1086 10001ον
1425 1008 1561 1080 quoque
1576 989 1656 1062 rlic’it
1674 975 1810 1090 ἄρχ’ἠν
1826 1017 1859 1066 κ.
1869 990 1982 1068 εἰκόνα
1995 1020 2029 1069 ν.
2041 995 2155 1096 ὅρασιν
2172 1007 2254 1077 θεοῦ.
2302 1021 2304 1032 ’

827 1115 866 1207 0)
901 1111 1031 1211 ὄνομα
1052 1117 1145 1188 tecti
1172 1137 1239 1184 uon
1260 1109 1312 1184 est
1332 1125 1629 1218 tetragrammaton
1650 1114 1733 1184 illud
1756 1120 2015 1209 sanctissimum,
2047 1126 2141 1214 quod
2162 1138 2255 1198 tauta

574 1281 577 1290 =
675 1241 762 1310 iuter
781 1239 933 1311 Judaeos
954 1239 1120 1333 religione
1146 1239 1337 1326 colebatur,
1361 1248 1415 1328 ut,
1440 1239 1557 1330 siquis
1577 1241 1718 1334 vulgare
1742 1263 1841 1312 ausus
1865 1255 1964 1336 esset
1991 1250 2253 1344 0000001000-

531 1435 536 1444 ,
675 1375 767 1437 retur
788 1363 849 1456 [de
869 1365 933 1433 ool.
953 1384 1027 1456 par.
1047 1385 1083 1456 p.
1104 1367 1166 1456 99,
1188 1366 1224 1440 7.
1249 1368 1312 1456 80,
1339 1366 1371 1438 1.
1397 1363 1450 1434 cll
1472 1366 1535 1456 81,
1554 1366 1589 1438 6.
1615 1369 1653 1454 9,
1681 1365 1766 1455 159,
1794 1368 1887 1461 16),
1912 1391 2025 1462 neque
2046 1393 2170 1444 nomeu
2188 1373 2254 1444 Ilei

673 1495 710 1563 10
730 1491 936 1574 uuiversum,
961 1510 1076 1579 quum,
1095 1497 1332 1582 praeterquam
1353 1487 1448 1580 quod
1468 1481 1485 1561 ὃ
1509 1484 1553 1562 dr
1578 1488 1708 1578 dicitur,
1736 1489 1876 1583 0113000
1903 1492 1981 1563 lleo
2003 1517 2127 1568 nomen
2151 1521 2254 1570 caco-

536 1633 544 1670 1
675 1617 775 1714 gitari
793 1622 939 1702 nequeat
963 1612 1070 1704 (655,
1094 1617 1155 1689 81.
1189 1619 1227 1706 9,
1250 1617 1310 1707 19,
1336 1615 1368 1687 1.
1405 1617 1442 1704 9,
1464 1615 1527 1704 99,
1548 1614 1646 1704 46.);
1678 1615 1813 1700 000100
1831 1637 1945 1686 rerum
1964 1618 2055 1688 euim
2077 1641 2156 1692 oum
2179 1623 2256 1716 ipsa

674 1763 787 1812 rerum
806 1748 924 1808 natura
945 1739 1139 1828 convenire,
1164 1761 1243 1810 cum
1265 1738 1407 1809 Platone
1425 1745 1459 1806 et
1477 1735 1597 1807 Stoicis
1624 1740 1783 1810 censebat
1801 1751 1930 1810 noster:
1963 1741 2024 1812 sed
2051 1753 2103 1814 est
2124 1744 2182 1814 illa
2201 1745 2253 1816 lc-
2405 1745 2409 1763 '

636 1865 1294 1962 Ι,ς11101000100100100000100100010
1318 1864 1354 1932 iu
1390 1861 1535 1930 ecclesia
1558 1861 1705 1933 Judaica
1722 1863 1789 1934 Dei
1810 1866 2013 1959 appellatio,
2065 1889 2135 1960 qua
2158 1869 2253 1942 Deus

606 2035 609 2044 ‚
672 1989 850 2085 ipseolim
870 1990 1038 2082 populum
1055 1989 1272 2060 Israeliticum
1296 1989 1331 2058 in
1350 1985 1508 2084 precibus
1533 1988 1578 2058 ad
1609 1990 1721 2083 ipsum
1742 1988 1903 2060 iaciendis
1927 1987 2096 2086 perpetuo
2119 1991 2169 2060 uti
2189 2013 2252 2060 ro-

671 2118 797 2203 leerat,
825 2113 935 2182 Exod.
956 2118 994 2204 6,
1018 2112 1074 2189 15.
1105 2113 1255 2214 κύριος
1280 2111 1298 2188 ὁ
1319 2107 1407 2196 θεὸς
1434 2135 1466 2183 τ.
1497 2117 1689 2212 πατέρων
1716 2109 1846 2210 ἡμῶν,
1888 2112 1978 2202 θεὸς
1997 2112 2193 2214 Ἀβραὰμ
2218 2141 2251 2190 κ.

672 2237 760 2326 θεὸς
778 2225 985 2313 ’lactes
1008 2235 1102 2325 θεὸς
1123 2235 1349 2333 Ἰακῶβ-
1372 2231 1472 2311 τοῦτό
1492 2232 1554 2332 poo'
1580 2229 1679 2312 dorsu
1700 2236 1832 2335 ὄνομα
1862 2235 2034 2314 ulciscor
2067 2233 2253 2333 0000116·
2325 2275 2360 2352 ”«

672 2389 767 2440 σννον
790 2367 907 2458 γενεῶν
927 2367 1075 2457 γενεαῖς,
1108 2387 1210 2457 quam
1243 2362 1369 2435 dodaci
1392 2361 1555 2432 cahbalae
1578 2365 1727 2452 studiosi,
1754 2363 1980 2456 copulatisin
2002 2385 2106 2432 unum
2137 2361 2250 2446 literis,

537 2501 539 2506 ’
560 2535 564 2548 ·
670 2492 704 2560 10
722 2511 806 2582 quos
826 2489 890 2556 tria
910 2487 973 2557 ista
993 2486 1259 2580 patriarcharum
1277 2488 1413 2558 nomina
1432 2497 1572 2578 exeant,
1597 2489 1665 2558 lroc
1682 2509 1749 2558 uuo
1767 2489 1910 2590 mysu'co
1929 2489 2027 2582 siguo
2049 2496 2121 2560 ῡΡὲ
2140 2487 2251 2556 soleut

671 2614 879 2708 exprimere,
918 2633 987 2702 qua
1015 2610 1154 2704 quidem
1190 2613 1414 2709 appellatione
1450 2633 1520 2682 000
1548 2613 1614 2684 ost
1639 2611 1688 2682 vis
1716 2623 1752 2682 et
1783 2621 1901 2682 natura
1934 2611 2149 2704 exprirnitur,
2188 2609 2251 2698 sed
2328 2659 2330 2667 ,

670 2739 743 2834 ejus
777 2736 1009 2808 tautummodo
1038 2737 1175 2830 antiqua
1202 2749 1237 2810 et
1255 2738 1301 2809 ad
1327 2746 1529 2832 perpetuam
1551 2739 1753 2832 posteritatis
1785 2737 1984 2808 memoriam
2013 2733 2249 2806 commendata

667 2861 880 2934 necessitudo
898 2883 977 2931 cum
1001 2863 1132 2956 populo
1155 2861 1354 2950 israelitico,
1396 2844 1498 2957 cujus¹
1517 2863 1706 2934 recordatio
1729 2885 1802 2962 000
1829 2871 1964 2956 poterat
1992 2861 2123 2942 lacere,
2166 2860 2248 2950 quin

668 3011 746 3059 euos
765 2987 811 3056 de
828 3009 865 3056 00
886 3009 1020 3080 semper
1038 2990 1166 3080 optima
1188 3009 1344 3079 quaeque
1370 3011 1508 3082 sperare
1521 2987 1661 3084 juberet
1679 3011 1808 3079 eosque
1827 2987 1916 3080 grati
1936 2985 2037 3056 animi
2059 2985 2247 3074 mentisque

665 3115 744 3206 piae
765 3122 801 3181 et
817 3133 839 3179 a
856 3110 933 3182 Deo
951 3111 1128 3210 pendentis
1152 3111 1278 3181 fiducia
1307 3115 1462 3206 erigeret
1513 3115 1632 3206 ltaque
1658 3114 1841 3183 rectissime
1861 3119 1978 3178 mouet
1992 3119 2115 3181 ‘noster
2144 3112 2181 3197 9,
2210 3111 2246 3197 8,

665 3241 728 3313 49.
752 3237 924 3306 relativam
948 3235 1215 3329 appellationem¹
1227 3237 1310 3331 poni
1329 3258 1393 3329 pro
1407 3239 1571 3326 absoluta,
1596 3235 1673 3312 ἀντὶ
1692 3241 1751 3310 τοῦ
1771 3228 1926 3309 καθάπαν
1945 3227 1985 3306 τὸ
2006 3229 2088 3330 πρὸς
2104 3257 2157 3322 τι,
2186 3231 2248 3306 eoi

666 3357 784 3460 μήποτ’
806 3357 956 3446 alatrum
993 3353 1225 3455 Ὀνόματος
1242 3386 1275 3457 γ.
1294 3356 1313 3435 ὁ
1334 3357 1422 3448 θεὸς
1446 3357 1668 3436 adlatret·
1707 3357 1755 3457 μή
1771 3354 1928 3454 δεόμενος
1941 3352 1970 3430 t’
1997 3355 2084 3452 ὅμως
2100 3358 2245 3454 ἐχαρίζε-

664 3513 704 3564 το
724 3491 772 3586 τῷ
791 3491 880 3582 γένει
898 3512 930 3558 τ.
950 3480 1123 3582 ἀνθρώπων
1142 3489 1260 3580 κλῆσιν
1283 3486 1426 3577 οἰκείαν,
1452 3487 1507 3561 1νο
1525 3489 1652 3584 ἔχοντες
1671 3480 1927 3581 καταφυγὴν
1948 3478 2050 3580 πρὸς
2076 3483 2246 3568 ἱκεσίας
2274 3564 2282 3580 .

664 3638 697 3686 ν.
711 3607 836 3696 λιτὰς
849 3607 896 3705 μὴ
910 3605 1087 3706 &perporo
1103 3613 1233 3697 ἐλπίδος
1244 3616 1403 3708 χρηστῆς.
1444 3611 1577 3682 Tamen
1590 3633 1634 3680 00
1648 3611 1695 3680 ric
1711 3608 1847 3701 quidem
1867 3619 2002 3701 poterat
2019 3601 2128 3694 ὁθεῐος
2147 3603 2245 3701 λόγος

665 3735 732 3806 dici
757 3731 862 3828 drapo
883 3737 967 3823 9006,
994 3732 1057 3802 uisi
1072 3730 1171 3802 Philo
1192 3753 1287 3804 more
1305 3758 1368 3806 suo
1388 3735 1656 3829 patriarcharum
1679 3734 1812 3805 uomina
1826 3733 2009 3827 allegorice
2026 3753 2092 3826 pro
2101 3732 2244 3802 totidem

661 3859 835 3931 virtutibus
849 3852 1027 3952 (δυνάμεις,
1035 3852 1169 3954 ἀρετὰς,
1178 3855 1434 3958 τρόπωνςψνχῆς
1450 3861 1599 3954 appellat
1623 3865 1660 3950 9,
1675 3863 1712 3948 9,
1726 3863 1760 3935 8.
1778 3857 1836 3965 15.
1851 3862 1914 3934 99.
1929 3857 2020 3948 99),
2035 3870 2242 3952 usurpasset,

662 4007 806 4078 quorum
825 3983 883 4052 illa
905 3981 1060 4074 symbola
1087 3989 1122 4051 et
1146 3983 1312 4072 quaedam
1336 3987 1431 4076 quasi
1461 3985 1583 4054 vicaria
1610 3985 1746 4080 uomina
1768 3991 1896 4066 essent,
1921 3981 2135 4052 abrahamus
2159 3981 2243 4078 mip-

649 4083 755 4206 Ιβολον
772 4107 1013 4200 umoris
1040 4099 1184 4204 ἀρετῆς,
1218 4107 1353 4180 isaacus
1387 4115 1549 4207 φυσικῆς,
1589 4110 1742 4182 dacobus
1765 4107 1909 4207 derrique
1941 4101 2132 4202 ἀοκητνκῆς
2157 4109 2239 4200 (11.
2267 4093 2269 4096 ’

661 4231 1028 4325 ν.12.),00010647,
1065 4233 1096 4304 1.
1145 4226 1324 4332 dextruam
1352 4259 1383 4306 τ.
1406 4235 1560 4320 mulctra
1588 4229 1681 4329 ἡμῶν
1705 4229 1804 4308 educa
1819 4235 1990 4302 vacuatur.
2041 4232 2124 4304 Jam
2144 4257 2164 4304 e
2182 4255 2244 4304 sa·-

660 4359 914 4432 0000000001010
935 4354 1041 4426 triade
1060 4357 1219 4426 virtutum
1239 4359 1274 4428 iu
1291 4381 1394 4428 uuum
1417 4381 1525 4454 genus
1546 4359 1773 4445 collectarum,
1800 4337 2088 4449 quemadmodum
2110 4381 2153 4430 cx
2171 4381 2238 4452 pu-
2300 4353 2303 4358 Α

659 4483 879 4555 marcharum
902 4483 1005 4575 stirpe
1023 4477 1084 4586 1τὸ
1106 4483 1222 4567 ἔθνος
1245 4478 1428 4580 Ἰσραὴλ,
1452 4481 1532 4581 ὅπερ
1556 4476 1768 4580 ἑρμηνεύεται
1796 4476 1902 4579 ὁρῶν
1927 4476 2024 4574 θεόν,
2058 4503 2237 4555 succreve-

659 4621 713 4680 rat
732 4611 770 4702 (1
790 4611 813 4679 l.
834 4631 867 4680 v.
887 4607 985 4700 44),
1008 4607 1056 4677 ita
1075 4629 1117 4678 ex
1136 4602 1362 4704 111060010εοος
1391 4609 1413 4678 1.
1434 4631 1464 4678 e
1488 4602 1675 4704 φρονήσεως
1697 4607 1717 4678 1.
1737 4631 1768 4681 0.
1791 4629 1942 4678 summae
1966 4609 2147 4702 sapientiae
2167 4629 2235 4706 pa·

656 4737 736 4806 riter
754 4757 795 4804 ac
809 4733 972 4804 felicitatis
992 4732 1098 4823 (691,
1115 4733 1177 4806 46.
1203 4734 1240 4822 9,
1265 4733 1323 4822 10,
1343 4732 1397 4825 4.)
1424 4753 1531 4825 genus
1552 4731 1746 4801 effloruerat
1761 4731 1820 4823 (2,
1842 4735 1878 4824 9,
1901 4733 1962 4808 45.
1991 4735 2052 4824 10,
2082 4733 2143 4822 1.).
2168 4732 2236 4804 Al-
2348 4723 2350 4731 ⁴

655 4859 804 4954 legorico
825 4867 937 4930 autem
964 4855 1098 4926 dicendi
1120 4879 1249 4950 geume
1274 4867 1391 4931 noster
1422 4879 1500 4926 usus
1532 4866 1766 4940 consueverat,
1802 4879 1906 4949 quam
1934 4857 2060 4928 010060
2094 4856 2236 4952 alicuius

653 5005 832 5079 pascuam
860 4983 1017 5052 vicariam
1043 5003 1086 5052 ex
1114 4980 1252 5052 historia
1276 5003 1372 5052 sacra
1401 4981 1599 5054 substituere
1624 4980 1845 5070 decrevisset,
1888 4999 2062 5052 0000010
2081 4983 2157 5076 ipsa
2174 4984 2234 5056 illa
