5248 6332
351 853 594 948 terpretationis
608 855 733 946 argutis
747 835 977 946 subtilitatibus
993 815 1030 921 ei
1038 831 1171 943 ineptiis
1185 849 1314 941 studia,
1340 859 1409 940 ut,
1421 850 1478 939 qui
1494 848 1644 922 Philonis
1661 854 1796 926 laudem
1809 860 1845 929 in
1858 859 1924 930 hoc

350 1003 476 1076 genere
502 977 689 1047 aemulandi
705 979 805 1046 caus‘a
818 979 940 1078 scripta
954 977 1025 1070 ejus
1040 973 1256 1068 aggrediatur
1267 974 1401 1066 legere,
1427 995 1527 1042 nemo
1546 987 1637 1046 certe
1657 983 1857 1071 reperiatur,
1891 985 1926 1054 id
2022 1003 2027 1018 ·

351 1127 431 1174 vero
465 1101 547 1171 recti
580 1123 693 1170 sensus
720 1103 857 1193 sanique
876 1100 996 1194 judicii
1022 1099 1258 1168 documentum
1287 1107 1338 1167 est
1357 1096 1593 1182 certissimum
1643 1100 1705 1170 sed
1745 1117 1925 1200 postquam

351 1229 439 1299 exilii
454 1238 607 1318 tempore
622 1225 830 1296 «Iudaeorum
845 1236 971 1294 mentes
986 1223 1152 1314 unimique
1171 1221 1276 1290 semel
1294 1223 1341 1290 ita
1360 1223 1540 1316 degustare
1562 1226 1748 1316 coepissent
1771 1231 1922 1322 philoso-
2025 1277 2029 1286 .
2167 1279 2170 1288 .

341 1353 483 1449 phiam,
508 1361 546 1419 ut
556 1349 783 1449 ltlosaicarum
796 1350 912 1442 legum
927 1349 1122 1438 auctoritas,
1149 1367 1266 1415 eorum
1284 1356 1374 1415 certe
1387 1345 1536 1440 judicio,
1562 1351 1620 1440 qui
1634 1353 1796 1442 politioris
1812 1369 1922 1426 essent
1959 1357 1964 1364 “

348 1476 492 1572 ingenii,
516 1475 677 1568 paulatim
691 1483 961 1562 consenesceret,
986 1471 1164 1544 inevitabili
1177 1469 1323 1562 quadam
1340 1471 1543 1542 necessitatis
1559 1475 1639 1568 lege
1655 1497 1696 1546 eo
1708 1479 1924 1550 resdeducta

200 1643 203 1648 -
349 1611 437 1691 erat,
468 1591 507 1668 ist
527 1597 699 1668 Mosaicae
721 1601 834 1692 leges,
868 1597 1030 1686 instituta,
1063 1596 1338 1688 ceremoniaeque
1361 1616 1476 1666 sacrae
1496 1599 1634 1692 publice
1658 1612 1833 1695 receptae,
1867 1617 1923 1674 aut

347 1715 565 1822 abrogandae
578 1745 716 1817 prorsus
730 1733 839 1792 essent
856 1732 892 1791 et
904 1721 1109 1813 abolendae,
1134 1730 1193 1791 uut
1217 1721 1399 1815 allegoriae
1422 1741 1507 1836 ope,
1533 1723 1648 1794 demto
1660 1730 1830 1798 vetustatis
1847 1731 1921 1818 situ,

340 1847 596 1939 instaurandae,
638 1847 884 1920 confirmandae
914 1856 948 1917 et
973 1846 1017 1915 ad
1036 1846 1207 1941 pristinam
1228 1865 1306 1914 cum
1330 1845 1438 1914 nitore
1470 1845 1666 1940 «lignitatem
1688 1851 1920 1925 restituendae.

317 2047 322 2054 ,
346 1973 451 2062 Quod
466 1975 688 2067 sicogitamus
705 1971 1082 2067 philosophiadudaica,
1098 1959 1287 2039 comeaeris
1302 1969 1416 2062 patriis
1434 1973 1602 2064 copulata,
1618 1995 1686 2044 non
1699 1976 1807 2044 solum
1820 2001 1920 2071 egre-

344 2101 401 2194 gie
416 2109 550 2170 cautum
565 2103 654 2191 esse,
688 2096 903 2192 philosophia
916 2118 960 2166 ne
975 2097 1019 2165 ab
1033 2097 1169 2187 antiquo
1182 2093 1315 2188 pietatis
1331 2117 1426 2166 sensu
1442 2095 1652 2186 deflecteret,
1684 2081 1790 2192 pietas
1810 2115 1921 2172 autem
2056 2096 2058 2104 ’

338 2229 388 2294 ”ue
403 2224 531 2294 ratione
554 2229 648 2292 cassa
666 2245 787 2292 caecae
805 2222 980 2316 cujusdam
1004 2221 1244 2316 superstitionis
1265 2223 1381 2310 crassh
1408 2221 1554 2292 tenebris
1571 2219 1818 2314 offunderetur,
1858 2228 1921 2298 sed

219 2353 227 2364 '
344 2351 444 2420 etiam
455 2345 718 2440 mudeffecsum,
733 2348 1005 2418 utuutritaehoc
1019 2345 1375 2437 monumentumque
1391 2345 1436 2416 ad
1449 2345 1575 2417 virtutis
1587 2349 1836 2443 sapientiaeque
1848 2363 1920 2421 stu-

305 2451 310 2464 ·
343 2475 437 2546 dium
457 2461 584 2543 mentes
608 2471 810 2564 promtiores
834 2475 948 2566 utique
971 2457 1006 2541 et
1023 2470 1207 2564 paratiores
1227 2471 1273 2541 ud
1297 2469 1541 2566 suscipiendum
1559 2475 1723 2568 evangelii
1745 2475 1920 2546 salutatem

343 2599 529 2672 doctrinam
548 2593 758 2686 accederent,
775 2573 862 2666 haec
876 2607 909 2668 et
922 2597 1012 2688 talia,
1036 2596 1183 2686 inquam,
1200 2605 1390 2689 reputantes
1409 2598 1564 2666 nimirum
1577 2599 1621 2668 ab
1640 2600 1820 2693 allegoriae
1837 2623 1919 2670 con·

339 2719 447 2797 'temtu
458 2711 658 2811 ridendique
672 2719 805 2792 levitate
820 2732 854 2792 et
860 2720 1037 2817 jutlicaudi
1049 2720 1233 2790 temeritate
1250 2721 1349 2792 facile
1366 2739 1426 2791 nos
1441 2695 1693 2822 conducemus,
1719 2747 1829 2816 neque
1844 2749 1920 2796 eam

343 2873 423 2920 casn
436 2847 573 2939 aliquo,
602 2841 663 2912 sed
681 2843 790 2914 divina
802 2847 998 2917 moderante
1013 2843 1224 2937 providentis
1244 2845 1323 2938 ipsis
1343 2845 1404 2915 illis
1420 2847 1627 2939 temporibus
1655 2847 1799 2917 extitisse
1819 2849 1917 2942 judi-

341 2973 499 3044 cabimus.
549 2965 608 3038 Ad
624 2967 808 3039 abstrusam
824 2971 968 3062 denique
988 2993 1027 3038 ac
1039 2991 1149 3062 paene
1170 2971 1346 3060 mysticam
1364 2981 1637 3063 argumentorum
1661 2971 1917 3064 disputationem

340 3092 434 3187 quod
451 3083 593 3181 adduct,
630 3101 682 3161 est
698 3116 778 3166 sane
796 3099 852 3168 illa
872 3095 1003 3168 Philoni
1015 3113 1180 3186 perquam
1197 3093 1364 3166 familiaris
1387 3095 1563 3188 potuitque
1580 3097 1725 3167 tironum
1740 3095 1917 3166 doctorum

338 3221 519 3315 plerosque
539 3239 561 3284 a
575 3216 712 3308 legendi
725 3220 860 3288 consilio
875 3223 1080 3302 absterrere;
1106 3217 1255 3288 sedeam
1269 3219 1477 3311 ipsam'curu
1498 3221 1716 3315 ambignitate
1730 3219 1913 3290 difficulta-

337 3357 425 3434 tem,
457 3338 561 3410 modo
581 3341 704 3433 apertis
718 3339 873 3410 'Plutonis
899 3337 1046 3412 fontibus
1072 3350 1346 3436 argumentorum
1371 3345 1619 3435 verborumque
1641 3346 1916 3438 siguificatimem
1990 3343 1993 3350 '

338 3465 435 3538 simul
447 3465 577 3560 aperire
595 3465 796 3558 contigerit,
814 3465 934 3533 mirum
949 3473 1109 3556 quantum
1123 3467 1270 3536 levatum
1286 3465 1325 3536 iri
1343 3477 1376 3537 et
1388 3467 1599 3562 expeditum,
1625 3470 1808 3538 certissime
1831 3491 1914 3537 con-

334 3594 425 3679 lido,
457 3585 519 3660 hisi
543 3589 649 3679 forte,
683 3589 855 3702 quodvis
885 3589 1103 3683 crediderim,
1135 3599 1299 3662 nostrates
1320 3603 1411 3662 certe
1430 3591 1577 3665 Philonis
1601 3593 1752 3664 manibus
1774 3615 1915 3664 succen-
2057 3627 2061 3640 ·

312 3702 314 3710 ’
337 3726 451 3808 scant,
477 3715 534 3807 qui
549 3713 737 3784 Germanos
762 3723 911 3802 veteres,
940 3715 1251 3816 majoresdomus,
1278 3737 1356 3786 cum
1372 3718 1483 3788 Xerxe
1505 3739 1708 3810 componens
1724 3729 1915 3813 propterea,

336 3835 430 3935 quod
458 3841 532 3910 illos
558 3837 649 3907 fama
672 3839 787 3925 ferret,
819 3839 937 3908 strictis
962 3836 1095 3910 ensibus
1128 3842 1329 3934 praecipites
1359 3843 1393 3910 in
1421 3843 1520 3912 maris
1548 3843 1687 3931 linctus,
1720 3843 1849 3932 quoties
1872 3865 1915 3913 ex

335 3969 405 4038 alto
420 3973 531 4034 aestus
547 3985 585 4031 se
596 3963 781 4052 incitasset,
807 3963 968 4056 impetum
991 3965 1125 4056 lacere,
1151 3964 1186 4034 in
1200 3987 1340 4036 numero
1361 3966 1551 4060 principum
1569 3968 1719 4036 vanimtis
1735 3967 1912 4038 fatuitatis-

335 4113 402 4184 que
414 4081 654 4184 reposuerit-¹)
958 4071 959 4078 ἵ

336 4217 341 4226 ’
484 4213 600 4303 ltaque
617 4211 903 4304 operaepretium
917 4231 972 4280 me
988 4207 1155 4280 lectulum
1173 4233 1246 4282 esse
1260 4217 1393 4306 potari,
1425 4216 1470 4308 si,
1497 4225 1676 4306 numquam
1693 4235 1814 4300 novam
1829 4215 1912 4284 Phi-

255 4377 259 4384 ·
333 4333 420 4412 lonis
441 4334 641 4424 editionem,
668 4355 770 4426 quarn
787 4336 918 4423 molior,
945 4334 1167 4427 perfecerim,
1185 4338 1277 4428 quod
1292 4340 1491 4432 scriptorum
1504 4351 1653 4409 veterum
1675 4339 1818 4410 editores
1835 4341 1912 4433 ple-

331 4467 429 4559 rique
443 4460 657 4556 praeirerunt
671 4455 940 4554 exemplum,¹⁰)
974 4459 1065 4530 idem
1083 4483 1151 4554 ego
1170 4461 1206 4530 in
1218 4461 1360 4535 Philone
1376 4473 1558 4555 sequutus,
1611 4487 1697 4535 nunc
1717 4487 1818 4556 quarn
1837 4488 1911 4536 rna-

331 4667 538 4692 ..ιιι-*Β

365 4766 879 4883 ‚ommmmm
1015 4813 1019 4820 ·

414 4905 456 4987 ¹0)
480 4894 737 4978 Wyttmbuclrins
750 4915 783 4954 ru
796 4913 841 4976 ep.
854 4893 893 4953 ad
903 4911 960 4954 van
976 4889 1104 4973 deusde,
1120 4894 1214 4980 hujus
1228 4897 1385 4980 specimini
1402 4901 1507 4964 critico
1522 4901 1555 4961 in
1569 4903 1719 4963 Platonem
1739 4903 1909 4981 praemissa,

454 4999 609 5088 pnpilli,
620 4999 686 5061 siue
693 4996 832 5075 fontium,
848 4993 960 5077 iuquit,
977 4996 1145 5075 cognitione
1160 5000 1257 5061 omnis
1270 5001 1487 5084 interpretandi
1499 5003 1585 5065 labor
1595 5023 1689 5064 uanus
1705 5003 1840 5065 etinunis
1857 5013 1910 5064 eut·
