<?xml version="1.0" encoding="UTF-8"?>
<!DOCTYPE html PUBLIC "-//W3C//DTD XHTML 1.0 Transitional//EN"
    "http://www.w3.org/TR/xhtml1/DTD/xhtml1-transitional.dtd">
<html xmlns="http://www.w3.org/1999/xhtml" xml:lang="en" lang="en">
 <head>
  <title>
</title>
<meta http-equiv="Content-Type" content="text/html;charset=utf-8" />
  <meta name='ocr-system' content='tesseract 3.04.00' />
  <meta name='ocr-capabilities' content='ocr_page ocr_carea ocr_par ocr_line ocrx_word'/>
</head>
<body>
  <div class='ocr_page' id='page_1' title='image "./quaestionesphil00grosgoog_0066.png"; bbox 0 0 5248 6332; ppageno 0'>
   <div class='ocr_carea' id='block_1_1' title="bbox 297 838 1901 1448">
    <p class='ocr_par' dir='ltr' id='par_1_1' title="bbox 297 838 1901 1448">
     <span class='ocr_line' id='line_1_1' title="bbox 328 838 1901 946; baseline 0.013 -37"><span class='ocrx_word' id='word_1_1' title='bbox 328 839 524 934; x_wconf 82' lang='lat' dir='ltr'><strong>conjecture</strong></span> <span class='ocrx_word' id='word_1_2' title='bbox 548 862 591 911; x_wconf 87' lang='lat' dir='ltr'><strong>eo</strong></span> <span class='ocrx_word' id='word_1_3' title='bbox 615 839 747 910; x_wconf 84' lang='lat' dir='ltr'><strong>videtur</strong></span> <span class='ocrx_word' id='word_1_4' title='bbox 772 840 912 935; x_wconf 88' lang='lat' dir='ltr'><strong>propius</strong></span> <span class='ocrx_word' id='word_1_5' title='bbox 938 838 1152 924; x_wconf 77' lang='lat' dir='ltr'><strong>adventatis</strong></span> <span class='ocrx_word' id='word_1_6' title='bbox 1177 838 1282 910; x_wconf 88' lang='lat' dir='ltr'><strong>lldem</strong></span> <span class='ocrx_word' id='word_1_7' title='bbox 1307 842 1489 931; x_wconf 82' lang='lat' dir='ltr'><strong>¹accedere,</strong></span> <span class='ocrx_word' id='word_1_8' title='bbox 1522 869 1591 936; x_wconf 89' lang='lat' dir='ltr'><strong>quo</strong></span> <span class='ocrx_word' id='word_1_9' title='bbox 1617 850 1724 946; x_wconf 86' lang='lat' dir='ltr'><strong>magis</strong></span> <span class='ocrx_word' id='word_1_10' title='bbox 1749 853 1901 932; x_wconf 87' lang='lat' dir='ltr'><strong>luculen-</strong></span> 
     </span>
     <span class='ocr_line' id='line_1_2' title="bbox 297 963 1901 1076; baseline 0.006 -40"><span class='ocrx_word' id='word_1_11' title='bbox 297 976 398 1036; x_wconf 88' lang='lat' dir='ltr'><strong>·tum</strong></span> <span class='ocrx_word' id='word_1_12' title='bbox 423 967 507 1036; x_wconf 89' lang='lat' dir='ltr'><strong>illud</strong></span> <span class='ocrx_word' id='word_1_13' title='bbox 531 965 634 1035; x_wconf 89' lang='lat' dir='ltr'><strong>nostri</strong></span> <span class='ocrx_word' id='word_1_14' title='bbox 661 966 899 1052; x_wconf 84' lang='lat' dir='ltr'><strong>testimonium,</strong></span> <span class='ocrx_word' id='word_1_15' title='bbox 940 989 1009 1056; x_wconf 91' lang='lat' dir='ltr'><strong>quo</strong></span> <span class='ocrx_word' id='word_1_16' title='bbox 1035 966 1156 1034; x_wconf 84' lang='lat' dir='ltr'><strong>Mosen</strong></span> <span class='ocrx_word' id='word_1_17' title='bbox 1175 963 1337 1057; x_wconf 85' lang='lat' dir='ltr'><strong>juvenem</strong></span> <span class='ocrx_word' id='word_1_18' title='bbox 1361 967 1536 1061; x_wconf 79' lang='lat' dir='ltr'>perhibet,</span> <span class='ocrx_word' id='word_1_19' title='bbox 1580 982 1616 1040; x_wconf 89' lang='lat' dir='ltr'><strong>ut</strong></span> <span class='ocrx_word' id='word_1_20' title='bbox 1641 976 1901 1076; x_wconf 67' lang='lat' dir='ltr'><strong>Aegyptios-nm,</strong></span> 
     </span>
     <span class='ocr_line' id='line_1_3' title="bbox 325 1089 1900 1194; baseline 0.009 -34"><span class='ocrx_word' id='word_1_21' title='bbox 325 1093 373 1162; x_wconf 84' lang='lat' dir='ltr'><strong>ita</strong></span> <span class='ocrx_word' id='word_1_22' title='bbox 396 1092 612 1184; x_wconf 81' lang='lat' dir='ltr'><strong>Assyriorum</strong></span> <span class='ocrx_word' id='word_1_23' title='bbox 646 1100 680 1160; x_wconf 90' lang='lat' dir='ltr'><strong>et</strong></span> <span class='ocrx_word' id='word_1_24' title='bbox 705 1089 954 1159; x_wconf 86' lang='lat' dir='ltr'><strong>Chaldaeorum</strong></span> <span class='ocrx_word' id='word_1_25' title='bbox 986 1089 1203 1183; x_wconf 79' lang='lat' dir='ltr'><strong>philosophia</strong></span> <span class='ocrx_word' id='word_1_26' title='bbox 1228 1098 1263 1158; x_wconf 89' lang='lat' dir='ltr'><strong>et</strong></span> <span class='ocrx_word' id='word_1_27' title='bbox 1287 1091 1387 1160; x_wconf 87' lang='lat' dir='ltr'><strong>literis</strong></span> <span class='ocrx_word' id='word_1_28' title='bbox 1413 1093 1579 1166; x_wconf 90' lang='lat' dir='ltr'><strong>eruditum</strong></span> <span class='ocrx_word' id='word_1_29' title='bbox 1593 1091 1668 1188; x_wconf 74' lang='grc'><strong>225)</strong></span> <span class='ocrx_word' id='word_1_30' title='bbox 1702 1109 1794 1194; x_wconf 86' lang='lat' dir='ltr'><strong>esse&#39;,</strong></span> <span class='ocrx_word' id='word_1_31' title='bbox 1832 1119 1900 1182; x_wconf 81' lang='lat' dir='ltr'><strong>&#39;non</strong></span> 
     </span>
     <span class='ocr_line' id='line_1_4' title="bbox 325 1211 1899 1324; baseline 0.001 -38"><span class='ocrx_word' id='word_1_32' title='bbox 325 1215 607 1288; x_wconf 76' lang='lat' dir='ltr'><strong>demonstratione</strong></span> <span class='ocrx_word' id='word_1_33' title='bbox 633 1213 787 1306; x_wconf 89' lang='lat' dir='ltr'><strong>quidem,</strong></span> <span class='ocrx_word' id='word_1_34' title='bbox 812 1213 875 1284; x_wconf 88' lang='lat' dir='ltr'><strong>sed</strong></span> <span class='ocrx_word' id='word_1_35' title='bbox 900 1215 1141 1308; x_wconf 85' lang='lat' dir='ltr'><strong>significatione</strong></span> <span class='ocrx_word' id='word_1_36' title='bbox 1167 1211 1333 1303; x_wconf 87' lang='lat' dir='ltr'><strong>declarat,</strong></span> <span class='ocrx_word' id='word_1_37' title='bbox 1360 1215 1545 1288; x_wconf 90' lang='lat' dir='ltr'><strong>doctrinam</strong></span> <span class='ocrx_word' id='word_1_38' title='bbox 1571 1217 1775 1316; x_wconf 86' lang='lat' dir='ltr'><strong>Mosaicam,</strong></span> <span class='ocrx_word' id='word_1_39' title='bbox 1810 1256 1899 1324; x_wconf 48' lang='lat' dir='ltr'><strong>qua.</strong></span> 
     </span>
     <span class='ocr_line' id='line_1_5' title="bbox 323 1336 1898 1448; baseline 0.009 -36"><span class='ocrx_word' id='word_1_40' title='bbox 323 1343 393 1412; x_wconf 85' lang='lat' dir='ltr'><strong>lem</strong></span> <span class='ocrx_word' id='word_1_41' title='bbox 416 1342 474 1410; x_wconf 87' lang='lat' dir='ltr'><strong>illa</strong></span> <span class='ocrx_word' id='word_1_42' title='bbox 497 1340 640 1411; x_wconf 87' lang='lat' dir='ltr'><strong>Philone</strong></span> <span class='ocrx_word' id='word_1_43' title='bbox 665 1340 846 1432; x_wconf 80' lang='lat' dir='ltr'><strong>interprete</strong></span> <span class='ocrx_word' id='word_1_44' title='bbox 872 1339 1057 1431; x_wconf 80' lang='lat' dir='ltr'><strong>expositum</strong></span> <span class='ocrx_word' id='word_1_45' title='bbox 1090 1336 1243 1430; x_wconf 88' lang='lat' dir='ltr'><strong>legimus,</strong></span> <span class='ocrx_word' id='word_1_46' title='bbox 1285 1361 1326 1408; x_wconf 87' lang='lat' dir='ltr'><strong>ex</strong></span> <span class='ocrx_word' id='word_1_47' title='bbox 1360 1340 1495 1412; x_wconf 89' lang='lat' dir='ltr'><strong>illorum</strong></span> <span class='ocrx_word' id='word_1_48' title='bbox 1526 1347 1731 1438; x_wconf 89' lang='lat' dir='ltr'><strong>populorum</strong></span> <span class='ocrx_word' id='word_1_49' title='bbox 1763 1356 1898 1448; x_wconf 79' lang='lat' dir='ltr'><strong>antiqua</strong></span> 
     </span>
    </p>
   </div>
   <div class='ocr_carea' id='block_1_2' title="bbox 323 1460 2110 1574">
    <p class='ocr_par' dir='ltr' id='par_1_2' title="bbox 323 1460 2110 1574">
     <span class='ocr_line' id='line_1_6' title="bbox 323 1460 2110 1574; baseline 0.009 -37"><span class='ocrx_word' id='word_1_50' title='bbox 323 1467 486 1559; x_wconf 83' lang='lat' dir='ltr'><strong>sapientia</strong></span> <span class='ocrx_word' id='word_1_51' title='bbox 511 1466 675 1574; x_wconf 85' lang='lat' dir='ltr'><strong>originem</strong></span> <span class='ocrx_word' id='word_1_52' title='bbox 700 1464 842 1534; x_wconf 81' lang='lat' dir='ltr'><strong>duxisse.</strong></span> <span class='ocrx_word' id='word_1_53' title='bbox 894 1463 1026 1532; x_wconf 89' lang='lat' dir='ltr'><strong>Tamen</strong></span> <span class='ocrx_word' id='word_1_54' title='bbox 1051 1460 1103 1530; x_wconf 88' lang='lat' dir='ltr'><strong>his</strong></span> <span class='ocrx_word' id='word_1_55' title='bbox 1129 1465 1332 1556; x_wconf 76' lang='lat' dir='ltr'><strong>argumentis</strong></span> <span class='ocrx_word' id='word_1_56' title='bbox 1358 1463 1541 1554; x_wconf 89' lang='lat' dir='ltr'><strong>adductus,</strong></span> <span class='ocrx_word' id='word_1_57' title='bbox 1574 1479 1627 1556; x_wconf 91' lang='lat' dir='ltr'><strong>ut,</strong></span> <span class='ocrx_word' id='word_1_58' title='bbox 1654 1473 1734 1562; x_wconf 87' lang='lat' dir='ltr'><strong>quid</strong></span> <span class='ocrx_word' id='word_1_59' title='bbox 1760 1483 1894 1570; x_wconf 86' lang='lat' dir='ltr'><strong>potissi·</strong></span> <span class='ocrx_word' id='word_1_60' title='bbox 1976 1498 1978 1506; x_wconf 88' lang='grc'><strong>’</strong></span> <span class='ocrx_word' id='word_1_61' title='bbox 2106 1485 2110 1499; x_wconf 88' lang='grc'><strong><em>’</em></strong></span> 
     </span>
    </p>
   </div>
   <div class='ocr_carea' id='block_1_3' title="bbox 306 1587 1892 3804">
    <p class='ocr_par' dir='ltr' id='par_1_3' title="bbox 306 1587 1892 3804">
     <span class='ocr_line' id='line_1_7' title="bbox 321 1587 1892 1694; baseline 0.01 -34"><span class='ocrx_word' id='word_1_62' title='bbox 321 1614 416 1662; x_wconf 87' lang='lat' dir='ltr'><strong>mum</strong></span> <span class='ocrx_word' id='word_1_63' title='bbox 447 1599 673 1681; x_wconf 87' lang='lat' dir='ltr'><strong>quantumque</strong></span> <span class='ocrx_word' id='word_1_64' title='bbox 711 1597 824 1658; x_wconf 85' lang='lat' dir='ltr'><strong>noster</strong></span> <span class='ocrx_word' id='word_1_65' title='bbox 855 1611 897 1657; x_wconf 85' lang='lat' dir='ltr'><strong>ex</strong></span> <span class='ocrx_word' id='word_1_66' title='bbox 926 1588 1007 1680; x_wconf 87' lang='lat' dir='ltr'><strong>ipsis</strong></span> <span class='ocrx_word' id='word_1_67' title='bbox 1041 1587 1205 1657; x_wconf 86' lang='lat' dir='ltr'><strong>orientalis</strong></span> <span class='ocrx_word' id='word_1_68' title='bbox 1236 1587 1475 1680; x_wconf 82' lang='lat' dir='ltr'><strong>philosophiae</strong></span> <span class='ocrx_word' id='word_1_69' title='bbox 1507 1593 1654 1662; x_wconf 83' lang='lat' dir='ltr'><strong>fontibus</strong></span> <span class='ocrx_word' id='word_1_70' title='bbox 1688 1597 1892 1694; x_wconf 84' lang='lat' dir='ltr'><strong>delibaverit,</strong></span> 
     </span>
     <span class='ocr_line' id='line_1_8' title="bbox 321 1709 1892 1808; baseline 0.008 -24"><span class='ocrx_word' id='word_1_71' title='bbox 321 1714 546 1788; x_wconf 88' lang='lat' dir='ltr'><strong>deliniendum</strong></span> <span class='ocrx_word' id='word_1_72' title='bbox 569 1714 652 1785; x_wconf 85' lang='lat' dir='ltr'><strong>mihi</strong></span> <span class='ocrx_word' id='word_1_73' title='bbox 678 1736 825 1800; x_wconf 89' lang='lat' dir='ltr'><strong>sumam,</strong></span> <span class='ocrx_word' id='word_1_74' title='bbox 849 1713 929 1782; x_wconf 84' lang='lat' dir='ltr'><strong>licet</strong></span> <span class='ocrx_word' id='word_1_75' title='bbox 953 1709 1308 1806; x_wconf 79' lang='lat' dir='ltr'><strong>gymnosophistarum</strong></span> <span class='ocrx_word' id='word_1_76' title='bbox 1334 1723 1367 1781; x_wconf 88' lang='lat' dir='ltr'><strong>et</strong></span> <span class='ocrx_word' id='word_1_77' title='bbox 1394 1713 1531 1804; x_wconf 85' lang='lat' dir='ltr'><strong>Caleni,</strong></span> <span class='ocrx_word' id='word_1_78' title='bbox 1562 1719 1655 1808; x_wconf 85' lang='lat' dir='ltr'><strong>Indi,</strong></span> <span class='ocrx_word' id='word_1_79' title='bbox 1690 1729 1892 1802; x_wconf 87' lang='lat' dir='ltr'><strong>mentionem</strong></span> 
     </span>
     <span class='ocr_line' id='line_1_9' title="bbox 319 1835 1892 1942; baseline 0.002 -31"><span class='ocrx_word' id='word_1_80' title='bbox 319 1841 471 1934; x_wconf 86' lang='lat' dir='ltr'><strong>injecerit</strong></span> <span class='ocrx_word' id='word_1_81' title='bbox 479 1835 552 1932; x_wconf 76' lang='lat'><strong>²²⁰)</strong></span> <span class='ocrx_word' id='word_1_82' title='bbox 582 1850 617 1909; x_wconf 89' lang='lat' dir='ltr'><strong>et</strong></span> <span class='ocrx_word' id='word_1_83' title='bbox 640 1861 721 1908; x_wconf 78' lang='lat' dir='ltr'><strong>uero</strong></span> <span class='ocrx_word' id='word_1_84' title='bbox 745 1838 872 1906; x_wconf 83' lang='lat' dir='ltr'><strong>habeut</strong></span> <span class='ocrx_word' id='word_1_85' title='bbox 896 1837 1025 1927; x_wconf 85' lang='lat' dir='ltr'><strong>aliqua,</strong></span> <span class='ocrx_word' id='word_1_86' title='bbox 1059 1857 1146 1926; x_wconf 90' lang='lat' dir='ltr'><strong>quae</strong></span> <span class='ocrx_word' id='word_1_87' title='bbox 1170 1835 1320 1904; x_wconf 89' lang='lat' dir='ltr'><strong>ludicam</strong></span> <span class='ocrx_word' id='word_1_88' title='bbox 1352 1838 1515 1930; x_wconf 83' lang='lat' dir='ltr'><strong>originem</strong></span> <span class='ocrx_word' id='word_1_89' title='bbox 1547 1845 1693 1936; x_wconf 88' lang='lat' dir='ltr'><strong>sapiant,</strong></span> <span class='ocrx_word' id='word_1_90' title='bbox 1710 1843 1784 1942; x_wconf 76' lang='lat'>²²⁷)</span> <span class='ocrx_word' id='word_1_91' title='bbox 1824 1877 1892 1928; x_wconf 72' lang='lat' dir='ltr'><strong>non</strong></span> 
     </span>
     <span class='ocr_line' id='line_1_10' title="bbox 319 1958 1889 2072; baseline 0 -36"><span class='ocrx_word' id='word_1_92' title='bbox 319 1987 458 2061; x_wconf 85' lang='lat' dir='ltr'><strong>possum</strong></span> <span class='ocrx_word' id='word_1_93' title='bbox 482 1965 628 2034; x_wconf 88' lang='lat' dir='ltr'><strong>animum</strong></span> <span class='ocrx_word' id='word_1_94' title='bbox 659 1962 828 2034; x_wconf 88' lang='lat' dir='ltr'><strong>inducere.</strong></span> <span class='ocrx_word' id='word_1_95' title='bbox 881 1962 968 2032; x_wconf 86' lang='lat' dir='ltr'><strong>Sunt</strong></span> <span class='ocrx_word' id='word_1_96' title='bbox 999 1962 1087 2030; x_wconf 90' lang='lat' dir='ltr'><strong>enim</strong></span> <span class='ocrx_word' id='word_1_97' title='bbox 1117 1960 1300 2030; x_wconf 88' lang='lat' dir='ltr'><strong>sententiae</strong></span> <span class='ocrx_word' id='word_1_98' title='bbox 1325 1958 1495 2050; x_wconf 87' lang='lat' dir='ltr'><strong>quaedam</strong></span> <span class='ocrx_word' id='word_1_99' title='bbox 1520 1988 1560 2034; x_wconf 89' lang='lat' dir='ltr'><strong>ac</strong></span> <span class='ocrx_word' id='word_1_100' title='bbox 1586 1969 1751 2072; x_wconf 81' lang='lat' dir='ltr'><strong>formulae</strong></span> <span class='ocrx_word' id='word_1_101' title='bbox 1776 1983 1889 2070; x_wconf 64' lang='lat' dir='ltr'><strong>gensi.</strong></span> 
     </span>
     <span class='ocr_line' id='line_1_11' title="bbox 318 2085 1888 2195; baseline 0.004 -33"><span class='ocrx_word' id='word_1_102' title='bbox 318 2090 424 2179; x_wconf 84' lang='lat' dir='ltr'><strong>litiae,</strong></span> <span class='ocrx_word' id='word_1_103' title='bbox 450 2090 655 2160; x_wconf 85' lang='lat' dir='ltr'><strong>orientalium</strong></span> <span class='ocrx_word' id='word_1_104' title='bbox 682 2087 829 2158; x_wconf 90' lang='lat' dir='ltr'><strong>omnium</strong></span> <span class='ocrx_word' id='word_1_105' title='bbox 853 2085 898 2155; x_wconf 87' lang='lat' dir='ltr'><strong>ita</strong></span> <span class='ocrx_word' id='word_1_106' title='bbox 921 2108 1125 2174; x_wconf 88' lang='lat' dir='ltr'><strong>communes,</strong></span> <span class='ocrx_word' id='word_1_107' title='bbox 1150 2095 1197 2172; x_wconf 92' lang='lat' dir='ltr'><strong>ut,</strong></span> <span class='ocrx_word' id='word_1_108' title='bbox 1224 2109 1311 2176; x_wconf 88' lang='lat' dir='ltr'><strong>quae</strong></span> <span class='ocrx_word' id='word_1_109' title='bbox 1336 2107 1451 2154; x_wconf 87' lang='lat' dir='ltr'><strong>earum</strong></span> <span class='ocrx_word' id='word_1_110' title='bbox 1473 2087 1636 2183; x_wconf 85' lang='lat' dir='ltr'><strong>cujusque</strong></span> <span class='ocrx_word' id='word_1_111' title='bbox 1661 2100 1780 2190; x_wconf 93' lang='lat' dir='ltr'><strong>populi</strong></span> <span class='ocrx_word' id='word_1_112' title='bbox 1803 2125 1888 2195; x_wconf 83' lang='lat' dir='ltr'><strong>pro-</strong></span> 
     </span>
     <span class='ocr_line' id='line_1_12' title="bbox 315 2202 1887 2310; baseline -0.001 -24"><span class='ocrx_word' id='word_1_113' title='bbox 315 2216 392 2310; x_wconf 92' lang='lat' dir='ltr'><strong>pria</strong></span> <span class='ocrx_word' id='word_1_114' title='bbox 417 2216 474 2303; x_wconf 90' lang='lat' dir='ltr'><strong>sit,</strong></span> <span class='ocrx_word' id='word_1_115' title='bbox 498 2215 532 2284; x_wconf 90' lang='lat' dir='ltr'><strong>in</strong></span> <span class='ocrx_word' id='word_1_116' title='bbox 558 2213 716 2306; x_wconf 87' lang='lat' dir='ltr'><strong>ambiguo</strong></span> <span class='ocrx_word' id='word_1_117' title='bbox 741 2213 966 2302; x_wconf 79' lang='lat' dir='ltr'><strong>relinquatu13</strong></span> <span class='ocrx_word' id='word_1_118' title='bbox 990 2202 1063 2308; x_wconf 78' lang='lat' dir='ltr'><strong>tum</strong></span> <span class='ocrx_word' id='word_1_119' title='bbox 1088 2209 1238 2300; x_wconf 79' lang='lat' dir='ltr'><strong>quamvis</strong></span> <span class='ocrx_word' id='word_1_120' title='bbox 1264 2231 1350 2278; x_wconf 90' lang='lat' dir='ltr'><strong>nunc</strong></span> <span class='ocrx_word' id='word_1_121' title='bbox 1376 2230 1453 2278; x_wconf 89' lang='lat' dir='ltr'><strong>cum</strong></span> <span class='ocrx_word' id='word_1_122' title='bbox 1478 2217 1621 2287; x_wconf 81' lang='lat' dir='ltr'><strong>maxime</strong></span> <span class='ocrx_word' id='word_1_123' title='bbox 1646 2220 1798 2294; x_wconf 84' lang='lat' dir='ltr'><strong>ferveant</strong></span> <span class='ocrx_word' id='word_1_124' title='bbox 1823 2227 1887 2298; x_wconf 78' lang='lat' dir='ltr'><strong>hs.</strong></span> 
     </span>
     <span class='ocr_line' id='line_1_13' title="bbox 315 2334 1886 2440; baseline 0.007 -30"><span class='ocrx_word' id='word_1_125' title='bbox 315 2363 391 2410; x_wconf 89' lang='lat' dir='ltr'><strong>rum</strong></span> <span class='ocrx_word' id='word_1_126' title='bbox 415 2342 584 2412; x_wconf 78' lang='lat' dir='ltr'><strong>literarum</strong></span> <span class='ocrx_word' id='word_1_127' title='bbox 609 2335 728 2421; x_wconf 85' lang='lat' dir='ltr'><strong>studia,</strong></span> <span class='ocrx_word' id='word_1_128' title='bbox 752 2347 864 2406; x_wconf 88' lang='lat' dir='ltr'><strong>tamen</strong></span> <span class='ocrx_word' id='word_1_129' title='bbox 889 2335 1004 2426; x_wconf 89' lang='lat' dir='ltr'><strong>sedes,</strong></span> <span class='ocrx_word' id='word_1_130' title='bbox 1028 2343 1259 2423; x_wconf 88' lang='lat' dir='ltr'><strong>monumenta,</strong></span> <span class='ocrx_word' id='word_1_131' title='bbox 1285 2334 1377 2422; x_wconf 90' lang='lat' dir='ltr'><strong>libri,</strong></span> <span class='ocrx_word' id='word_1_132' title='bbox 1403 2359 1514 2407; x_wconf 89' lang='lat' dir='ltr'><strong>mores</strong></span> <span class='ocrx_word' id='word_1_133' title='bbox 1541 2363 1658 2412; x_wconf 90' lang='lat' dir='ltr'><strong>eorum</strong></span> <span class='ocrx_word' id='word_1_134' title='bbox 1682 2352 1886 2440; x_wconf 87' lang='lat' dir='ltr'><strong>populorum</strong></span> 
     </span>
     <span class='ocr_line' id='line_1_14' title="bbox 314 2459 1884 2570; baseline 0.007 -34"><span class='ocrx_word' id='word_1_135' title='bbox 314 2466 465 2536; x_wconf 91' lang='lat' dir='ltr'><strong>nondum</strong></span> <span class='ocrx_word' id='word_1_136' title='bbox 488 2465 537 2534; x_wconf 87' lang='lat' dir='ltr'><strong>ita</strong></span> <span class='ocrx_word' id='word_1_137' title='bbox 560 2461 776 2557; x_wconf 82' lang='lat' dir='ltr'><strong>pervestigati</strong></span> <span class='ocrx_word' id='word_1_138' title='bbox 801 2469 878 2530; x_wconf 89' lang='lat' dir='ltr'><strong>sunt</strong></span> <span class='ocrx_word' id='word_1_139' title='bbox 908 2471 1009 2552; x_wconf 86' lang='lat' dir='ltr'><strong>atque</strong></span> <span class='ocrx_word' id='word_1_140' title='bbox 1036 2459 1162 2553; x_wconf 88' lang='lat' dir='ltr'><strong>cogniti</strong></span> <span class='ocrx_word' id='word_1_141' title='bbox 1170 2509 1187 2566; x_wconf 32' lang='grc' dir='ltr'><strong>,ι</strong></span> <span class='ocrx_word' id='word_1_142' title='bbox 1216 2459 1261 2528; x_wconf 90' lang='lat' dir='ltr'><strong>de</strong></span> <span class='ocrx_word' id='word_1_143' title='bbox 1284 2459 1323 2530; x_wconf 89' lang='lat' dir='ltr'><strong>iis</strong></span> <span class='ocrx_word' id='word_1_144' title='bbox 1348 2470 1386 2530; x_wconf 90' lang='lat' dir='ltr'><strong>ut</strong></span> <span class='ocrx_word' id='word_1_145' title='bbox 1410 2461 1539 2554; x_wconf 90' lang='lat' dir='ltr'><strong>liquido</strong></span> <span class='ocrx_word' id='word_1_146' title='bbox 1566 2477 1712 2554; x_wconf 82' lang='lat' dir='ltr'><strong>constet3</strong></span> <span class='ocrx_word' id='word_1_147' title='bbox 1739 2473 1884 2570; x_wconf 82' lang='lat' dir='ltr'><strong>denique</strong></span> 
     </span>
     <span class='ocr_line' id='line_1_15' title="bbox 315 2584 1884 2680; baseline -0.003 -17"><span class='ocrx_word' id='word_1_148' title='bbox 315 2615 357 2664; x_wconf 86' lang='lat' dir='ltr'><strong>ea</strong></span> <span class='ocrx_word' id='word_1_149' title='bbox 381 2601 452 2662; x_wconf 89' lang='lat' dir='ltr'><strong>erat</strong></span> <span class='ocrx_word' id='word_1_150' title='bbox 477 2591 646 2660; x_wconf 88' lang='lat' dir='ltr'><strong>literarum</strong></span> <span class='ocrx_word' id='word_1_151' title='bbox 670 2585 919 2656; x_wconf 86' lang='lat' dir='ltr'><strong>tractandarum</strong></span> <span class='ocrx_word' id='word_1_152' title='bbox 942 2584 1091 2655; x_wconf 88' lang='lat' dir='ltr'><strong>Philonis</strong></span> <span class='ocrx_word' id='word_1_153' title='bbox 1117 2592 1228 2653; x_wconf 86' lang='lat' dir='ltr'><strong>aetate</strong></span> <span class='ocrx_word' id='word_1_154' title='bbox 1251 2586 1355 2676; x_wconf 83' lang='lat' dir='ltr'><strong>ratio,</strong></span> <span class='ocrx_word' id='word_1_155' title='bbox 1375 2595 1412 2656; x_wconf 85' lang='lat' dir='ltr'><strong>ut</strong></span> <span class='ocrx_word' id='word_1_156' title='bbox 1436 2611 1549 2680; x_wconf 89' lang='lat' dir='ltr'><strong>neque</strong></span> <span class='ocrx_word' id='word_1_157' title='bbox 1574 2591 1794 2668; x_wconf 85' lang='lat' dir='ltr'><strong>barbarorum</strong></span> <span class='ocrx_word' id='word_1_158' title='bbox 1819 2603 1884 2674; x_wconf 72' lang='lat' dir='ltr'><strong>lin.</strong></span> 
     </span>
     <span class='ocr_line' id='line_1_16' title="bbox 314 2709 1883 2819; baseline 0.005 -34"><span class='ocrx_word' id='word_1_159' title='bbox 314 2739 403 2811; x_wconf 83' lang='lat' dir='ltr'><strong>guae</strong></span> <span class='ocrx_word' id='word_1_160' title='bbox 428 2715 606 2785; x_wconf 88' lang='lat' dir='ltr'><strong>doctorum</strong></span> <span class='ocrx_word' id='word_1_161' title='bbox 630 2712 776 2780; x_wconf 80' lang='lat' dir='ltr'><strong>uirorum</strong></span> <span class='ocrx_word' id='word_1_162' title='bbox 801 2711 911 2780; x_wconf 86' lang='lat' dir='ltr'><strong>studia</strong></span> <span class='ocrx_word' id='word_1_163' title='bbox 935 2729 1146 2803; x_wconf 83' lang='lat' dir='ltr'><strong>magnopere</strong></span> <span class='ocrx_word' id='word_1_164' title='bbox 1171 2709 1358 2816; x_wconf 76' lang='lat' dir='ltr'><strong>allicerent,</strong></span> <span class='ocrx_word' id='word_1_165' title='bbox 1383 2735 1494 2804; x_wconf 90' lang='lat' dir='ltr'><strong>neque</strong></span> <span class='ocrx_word' id='word_1_166' title='bbox 1520 2714 1564 2784; x_wconf 90' lang='lat' dir='ltr'><strong>ad</strong></span> <span class='ocrx_word' id='word_1_167' title='bbox 1589 2716 1779 2792; x_wconf 86' lang='lat' dir='ltr'><strong>interiorem</strong></span> <span class='ocrx_word' id='word_1_168' title='bbox 1802 2727 1883 2819; x_wconf 84' lang='lat' dir='ltr'><strong>phl-</strong></span> 
     </span>
     <span class='ocr_line' id='line_1_17' title="bbox 312 2831 1882 2941; baseline -0.003 -29"><span class='ocrx_word' id='word_1_169' title='bbox 312 2840 488 2934; x_wconf 82' lang='lat' dir='ltr'><strong>losophiae</strong></span> <span class='ocrx_word' id='word_1_170' title='bbox 513 2861 627 2909; x_wconf 84' lang='lat' dir='ltr'><strong>sacrae</strong></span> <span class='ocrx_word' id='word_1_171' title='bbox 652 2835 817 2923; x_wconf 88' lang='lat' dir='ltr'><strong>notitiam,</strong></span> <span class='ocrx_word' id='word_1_172' title='bbox 849 2844 986 2928; x_wconf 86' lang='lat' dir='ltr'><strong>praeter</strong></span> <span class='ocrx_word' id='word_1_173' title='bbox 1010 2831 1204 2904; x_wconf 79' lang='lat' dir='ltr'><strong>sacerdotes</strong></span> <span class='ocrx_word' id='word_1_174' title='bbox 1228 2843 1262 2902; x_wconf 88' lang='lat' dir='ltr'><strong>et</strong></span> <span class='ocrx_word' id='word_1_175' title='bbox 1285 2836 1445 2924; x_wconf 82' lang='lat' dir='ltr'><strong>initiatos,</strong></span> <span class='ocrx_word' id='word_1_176' title='bbox 1478 2839 1634 2930; x_wconf 68' lang='lat' dir='ltr'><strong>cuiquam</strong></span> <span class='ocrx_word' id='word_1_177' title='bbox 1658 2845 1758 2916; x_wconf 83' lang='lat' dir='ltr'><strong>facile</strong></span> <span class='ocrx_word' id='word_1_178' title='bbox 1783 2861 1882 2941; x_wconf 71' lang='lat' dir='ltr'><strong>pate.</strong></span> 
     </span>
     <span class='ocr_line' id='line_1_18' title="bbox 312 2941 1880 3058; baseline 0.004 -25"><span class='ocrx_word' id='word_1_179' title='bbox 312 2977 364 3040; x_wconf 81' lang='lat' dir='ltr'><strong>ret</strong></span> <span class='ocrx_word' id='word_1_180' title='bbox 388 2965 505 3036; x_wconf 84' lang='lat' dir='ltr'><strong>aditus.</strong></span> <span class='ocrx_word' id='word_1_181' title='bbox 555 2963 673 3054; x_wconf 83' lang='lat' dir='ltr'><strong>ltaque</strong></span> <span class='ocrx_word' id='word_1_182' title='bbox 694 2941 823 3048; x_wconf 82' lang='lat' dir='ltr'><strong>¹l&#39;uteor,</strong></span> <span class='ocrx_word' id='word_1_183' title='bbox 847 2961 1085 3054; x_wconf 83' lang='lat' dir='ltr'><strong>procliviorem</strong></span> <span class='ocrx_word' id='word_1_184' title='bbox 1109 2981 1263 3028; x_wconf 88' lang='lat' dir='ltr'><strong>meesse</strong></span> <span class='ocrx_word' id='word_1_185' title='bbox 1289 2960 1436 3030; x_wconf 88' lang='lat' dir='ltr'><strong>adeam</strong></span> <span class='ocrx_word' id='word_1_186' title='bbox 1462 2967 1672 3058; x_wconf 79' lang='lat' dir='ltr'><strong>sententiam,</strong></span> <span class='ocrx_word' id='word_1_187' title='bbox 1706 2978 1743 3036; x_wconf 91' lang='lat' dir='ltr'><strong>ut</strong></span> <span class='ocrx_word' id='word_1_188' title='bbox 1767 2975 1880 3044; x_wconf 82' lang='lat' dir='ltr'><strong>existi-</strong></span> 
     </span>
     <span class='ocr_line' id='line_1_19' title="bbox 311 3082 1880 3192; baseline 0.006 -32"><span class='ocrx_word' id='word_1_189' title='bbox 311 3111 420 3178; x_wconf 89' lang='lat' dir='ltr'><strong>mem,</strong></span> <span class='ocrx_word' id='word_1_190' title='bbox 444 3086 608 3180; x_wconf 88' lang='lat' dir='ltr'><strong>quidquid</strong></span> <span class='ocrx_word' id='word_1_191' title='bbox 631 3087 763 3156; x_wconf 86' lang='lat' dir='ltr'><strong>Philoni</strong></span> <span class='ocrx_word' id='word_1_192' title='bbox 787 3107 865 3156; x_wconf 91' lang='lat' dir='ltr'><strong>cum</strong></span> <span class='ocrx_word' id='word_1_193' title='bbox 888 3083 1104 3178; x_wconf 91' lang='lat' dir='ltr'><strong>philosophia</strong></span> <span class='ocrx_word' id='word_1_194' title='bbox 1129 3082 1279 3154; x_wconf 87' lang='lat' dir='ltr'><strong>orientali</strong></span> <span class='ocrx_word' id='word_1_195' title='bbox 1311 3109 1488 3158; x_wconf 87' lang='lat' dir='ltr'><strong>commune</strong></span> <span class='ocrx_word' id='word_1_196' title='bbox 1503 3090 1553 3177; x_wconf 65' lang='lat' dir='ltr'><strong>sit</strong></span> <span class='ocrx_word' id='word_1_197' title='bbox 1578 3091 1614 3160; x_wconf 92' lang='lat' dir='ltr'><strong>id</strong></span> <span class='ocrx_word' id='word_1_198' title='bbox 1640 3101 1731 3164; x_wconf 85' lang='lat' dir='ltr'><strong>certe</strong></span> <span class='ocrx_word' id='word_1_199' title='bbox 1756 3117 1880 3192; x_wconf 85' lang='lat' dir='ltr'><strong>magna</strong></span> 
     </span>
     <span class='ocr_line' id='line_1_20' title="bbox 311 3207 1880 3308; baseline 0.001 -25"><span class='ocrx_word' id='word_1_200' title='bbox 311 3237 353 3286; x_wconf 87' lang='lat' dir='ltr'><strong>ex</strong></span> <span class='ocrx_word' id='word_1_201' title='bbox 377 3225 474 3308; x_wconf 88' lang='lat' dir='ltr'><strong>parte</strong></span> <span class='ocrx_word' id='word_1_202' title='bbox 505 3211 611 3282; x_wconf 84' lang='lat' dir='ltr'><strong>uideri</strong></span> <span class='ocrx_word' id='word_1_203' title='bbox 642 3233 684 3280; x_wconf 90' lang='lat' dir='ltr'><strong>ex</strong></span> <span class='ocrx_word' id='word_1_204' title='bbox 708 3209 817 3303; x_wconf 83' lang='lat' dir='ltr'><strong>patria</strong></span> <span class='ocrx_word' id='word_1_205' title='bbox 851 3209 1061 3280; x_wconf 84' lang='lat' dir='ltr'><strong>Judaeorum</strong></span> <span class='ocrx_word' id='word_1_206' title='bbox 1092 3207 1307 3301; x_wconf 83' lang='lat' dir='ltr'><strong>philosophia</strong></span> <span class='ocrx_word' id='word_1_207' title='bbox 1334 3207 1559 3282; x_wconf 79' lang='lat' dir='ltr'><strong>Cebbalistica</strong></span> <span class='ocrx_word' id='word_1_208' title='bbox 1583 3216 1783 3306; x_wconf 80' lang='lat' dir='ltr'><strong>profectum.</strong></span> <span class='ocrx_word' id='word_1_209' title='bbox 1834 3225 1880 3296; x_wconf 79' lang='lat' dir='ltr'><strong>Et</strong></span> 
     </span>
     <span class='ocr_line' id='line_1_21' title="bbox 309 3333 1877 3436; baseline 0.001 -23"><span class='ocrx_word' id='word_1_210' title='bbox 309 3341 409 3435; x_wconf 87' lang='lat' dir='ltr'><strong>hujus</strong></span> <span class='ocrx_word' id='word_1_211' title='bbox 436 3337 571 3430; x_wconf 89' lang='lat' dir='ltr'><strong>quidem</strong></span> <span class='ocrx_word' id='word_1_212' title='bbox 584 3336 765 3436; x_wconf 85' lang='lat' dir='ltr'><strong>sententiae</strong></span> <span class='ocrx_word' id='word_1_213' title='bbox 780 3345 931 3406; x_wconf 84' lang='lat' dir='ltr'><strong>auctores</strong></span> <span class='ocrx_word' id='word_1_214' title='bbox 956 3333 1069 3403; x_wconf 90' lang='lat' dir='ltr'><strong>habeo</strong></span> <span class='ocrx_word' id='word_1_215' title='bbox 1094 3333 1372 3427; x_wconf 86' lang='lat' dir='ltr'><strong>locupletissimos</strong></span> <span class='ocrx_word' id='word_1_216' title='bbox 1388 3333 1684 3432; x_wconf 67' lang='lat' dir='ltr'><strong>Bruckerumm)</strong></span> <span class='ocrx_word' id='word_1_217' title='bbox 1719 3350 1753 3410; x_wconf 87' lang='lat' dir='ltr'><strong>et</strong></span> <span class='ocrx_word' id='word_1_218' title='bbox 1768 3341 1877 3414; x_wconf 83' lang='lat' dir='ltr'><strong>Kleu-</strong></span> 
     </span>
     <span class='ocr_line' id='line_1_22' title="bbox 308 3457 1877 3558; baseline 0.001 -22"><span class='ocrx_word' id='word_1_219' title='bbox 308 3465 453 3554; x_wconf 73' lang='lat' dir='ltr'><strong>ussum,</strong></span> <span class='ocrx_word' id='word_1_220' title='bbox 499 3462 779 3554; x_wconf 82' lang='lat' dir='ltr'><strong>Hellenbergium</strong></span> <span class='ocrx_word' id='word_1_221' title='bbox 812 3470 847 3530; x_wconf 88' lang='lat' dir='ltr'><strong>et</strong></span> <span class='ocrx_word' id='word_1_222' title='bbox 879 3457 1119 3546; x_wconf 83' lang='lat' dir='ltr'><strong>Schmidtium,</strong></span> <span class='ocrx_word' id='word_1_223' title='bbox 1171 3458 1293 3549; x_wconf 90' lang='lat' dir='ltr'><strong>quibus</strong></span> <span class='ocrx_word' id='word_1_224' title='bbox 1327 3459 1405 3529; x_wconf 89' lang='lat' dir='ltr'><strong>licet</strong></span> <span class='ocrx_word' id='word_1_225' title='bbox 1429 3483 1498 3530; x_wconf 88' lang='lat' dir='ltr'><strong>noa</strong></span> <span class='ocrx_word' id='word_1_226' title='bbox 1523 3483 1649 3553; x_wconf 83' lang='lat' dir='ltr'><strong>operae</strong></span> <span class='ocrx_word' id='word_1_227' title='bbox 1681 3463 1797 3558; x_wconf 87' lang='lat' dir='ltr'><strong>fuerit,</strong></span> <span class='ocrx_word' id='word_1_228' title='bbox 1842 3469 1877 3542; x_wconf 94' lang='lat' dir='ltr'><strong>id</strong></span> 
     </span>
     <span class='ocr_line' id='line_1_23' title="bbox 307 3571 1875 3684; baseline 0.002 -23"><span class='ocrx_word' id='word_1_229' title='bbox 307 3571 616 3684; x_wconf 66' lang='lat' dir='ltr'><strong>argumentum</strong></span> <span class='ocrx_word' id='word_1_230' title='bbox 640 3586 787 3654; x_wconf 85' lang='lat' dir='ltr'><strong>instituto</strong></span> <span class='ocrx_word' id='word_1_231' title='bbox 812 3585 986 3676; x_wconf 89' lang='lat' dir='ltr'><strong>persequi,</strong></span> <span class='ocrx_word' id='word_1_232' title='bbox 1028 3593 1140 3653; x_wconf 69' lang='lat' dir='ltr'><strong>umen</strong></span> <span class='ocrx_word' id='word_1_233' title='bbox 1171 3585 1315 3654; x_wconf 87' lang='lat' dir='ltr'><strong>rationes</strong></span> <span class='ocrx_word' id='word_1_234' title='bbox 1341 3583 1476 3654; x_wconf 89' lang='lat' dir='ltr'><strong>abunde</strong></span> <span class='ocrx_word' id='word_1_235' title='bbox 1502 3595 1702 3678; x_wconf 88' lang='lat' dir='ltr'><strong>suppetunt,</strong></span> <span class='ocrx_word' id='word_1_236' title='bbox 1728 3591 1774 3660; x_wconf 84' lang='lat' dir='ltr'><strong>ad</strong></span> <span class='ocrx_word' id='word_1_237' title='bbox 1798 3615 1875 3664; x_wconf 86' lang='lat' dir='ltr'><strong>seu-</strong></span> 
     </span>
     <span class='ocr_line' id='line_1_24' title="bbox 306 3707 1874 3804; baseline 0.004 -18"><span class='ocrx_word' id='word_1_238' title='bbox 306 3715 443 3786; x_wconf 85' lang='lat' dir='ltr'><strong>tentiam</strong></span> <span class='ocrx_word' id='word_1_239' title='bbox 468 3733 584 3782; x_wconf 91' lang='lat' dir='ltr'><strong>eorum</strong></span> <span class='ocrx_word' id='word_1_240' title='bbox 609 3708 842 3803; x_wconf 78' lang='lat' dir='ltr'><strong>explicandam</strong></span> <span class='ocrx_word' id='word_1_241' title='bbox 867 3717 901 3778; x_wconf 90' lang='lat' dir='ltr'><strong>et</strong></span> <span class='ocrx_word' id='word_1_242' title='bbox 926 3707 1198 3780; x_wconf 79' lang='lat' dir='ltr'><strong>confirmandam.</strong></span> <span class='ocrx_word' id='word_1_243' title='bbox 1249 3710 1339 3780; x_wconf 88' lang='lat' dir='ltr'><strong>Nam</strong></span> <span class='ocrx_word' id='word_1_244' title='bbox 1369 3710 1463 3804; x_wconf 84' lang='lat' dir='ltr'><strong>cujus</strong></span> <span class='ocrx_word' id='word_1_245' title='bbox 1499 3735 1740 3804; x_wconf 86' lang='lat' dir='ltr'><strong>saepenumero</strong></span> <span class='ocrx_word' id='word_1_246' title='bbox 1764 3741 1787 3788; x_wconf 83' lang='lat' dir='ltr'><strong>a</strong></span> <span class='ocrx_word' id='word_1_247' title='bbox 1810 3741 1874 3792; x_wconf 91' lang='lat' dir='ltr'><strong>uo·</strong></span> 
     </span>
    </p>
   </div>
   <div class='ocr_carea' id='block_1_4' title="bbox 389 3947 1869 4138">
    <p class='ocr_par' dir='ltr' id='par_1_4' title="bbox 386 3947 1869 4138">
     <span class='ocr_line' id='line_1_25' title="bbox 389 3947 439 3989; baseline -0.04 0"><span class='ocrx_word' id='word_1_248' title='bbox 389 3947 439 3989; x_wconf 82' lang='lat' dir='ltr'><strong>sas</strong></span> 
     </span>
     <span class='ocr_line' id='line_1_26' title="bbox 389 3948 1869 4138; baseline 0.027 -65.919"><span class='ocrx_word' id='word_1_249' title='bbox 389 3955 450 4131; x_wconf 58' lang='lat'><strong>¹²⁶3</strong></span> <span class='ocrx_word' id='word_1_250' title='bbox 471 3948 801 4130; x_wconf 40' lang='lat' dir='ltr'><strong>{hegfdsdodtihlddsduv</strong></span> <span class='ocrx_word' id='word_1_251' title='bbox 816 4065 918 4106; x_wconf 87' lang='lat' dir='ltr'><strong>eorum</strong></span> <span class='ocrx_word' id='word_1_252' title='bbox 937 4043 1050 4110; x_wconf 79' lang='lat' dir='ltr'><strong>laudet.</strong></span> <span class='ocrx_word' id='word_1_253' title='bbox 1079 4050 1111 4123; x_wconf 77' lang='lat'><strong>2,</strong></span> <span class='ocrx_word' id='word_1_254' title='bbox 1124 4049 1208 4120; x_wconf 70' lang='lat' dir='ltr'><strong>em.</strong></span> <span class='ocrx_word' id='word_1_255' title='bbox 1231 4063 1344 4105; x_wconf 85' lang='lat' dir='ltr'><strong>rnorem</strong></span> <span class='ocrx_word' id='word_1_256' title='bbox 1360 4066 1473 4124; x_wconf 86' lang='lat' dir='ltr'><strong>eorum,</strong></span> <span class='ocrx_word' id='word_1_257' title='bbox 1489 4047 1664 4130; x_wconf 84' lang='lat' dir='ltr'><strong>semetipsos</strong></span> <span class='ocrx_word' id='word_1_258' title='bbox 1682 4071 1766 4114; x_wconf 69' lang='lat' dir='ltr'><strong>muer</strong></span> <span class='ocrx_word' id='word_1_259' title='bbox 1779 4053 1812 4115; x_wconf 86' lang='lat' dir='ltr'><strong>in</strong></span> <span class='ocrx_word' id='word_1_260' title='bbox 1826 4055 1869 4138; x_wconf 88' lang='lat' dir='ltr'><strong>ig.</strong></span> 
     </span>
    </p>
   </div>
   <div class='ocr_carea' id='block_1_5' title="bbox 384 4143 1868 4737">
    <p class='ocr_par' dir='ltr' id='par_1_5' title="bbox 384 4143 1868 4737">
     <span class='ocr_line' id='line_1_27' title="bbox 430 4143 1868 4230; baseline 0.004 -18"><span class='ocrx_word' id='word_1_261' title='bbox 430 4173 498 4212; x_wconf 88' lang='lat' dir='ltr'><strong>nem</strong></span> <span class='ocrx_word' id='word_1_262' title='bbox 506 4147 651 4210; x_wconf 85' lang='lat' dir='ltr'><strong>mittendi.</strong></span> <span class='ocrx_word' id='word_1_263' title='bbox 668 4149 839 4224; x_wconf 79' lang='lat'><strong>2‚456,48.</strong></span> <span class='ocrx_word' id='word_1_264' title='bbox 855 4145 1000 4230; x_wconf 86' lang='lat' dir='ltr'><strong>physicen</strong></span> <span class='ocrx_word' id='word_1_265' title='bbox 1010 4156 1149 4208; x_wconf 84' lang='lat' dir='ltr'><strong>eorumet</strong></span> <span class='ocrx_word' id='word_1_266' title='bbox 1160 4143 1286 4206; x_wconf 87' lang='lat' dir='ltr'><strong>ethicen.</strong></span> <span class='ocrx_word' id='word_1_267' title='bbox 1300 4151 1332 4224; x_wconf 70' lang='lat'><strong>2,</strong></span> <span class='ocrx_word' id='word_1_268' title='bbox 1351 4149 1424 4225; x_wconf 79' lang='lat'><strong>469,</strong></span> <span class='ocrx_word' id='word_1_269' title='bbox 1439 4149 1491 4216; x_wconf 84' lang='grc'><strong>47.</strong></span> <span class='ocrx_word' id='word_1_270' title='bbox 1509 4151 1609 4210; x_wconf 76' lang='lat' dir='ltr'><strong>calani</strong></span> <span class='ocrx_word' id='word_1_271' title='bbox 1625 4151 1726 4214; x_wconf 86' lang='lat' dir='ltr'><strong>laudes</strong></span> <span class='ocrx_word' id='word_1_272' title='bbox 1736 4157 1868 4224; x_wconf 82' lang='lat' dir='ltr'><strong>extollit.</strong></span> 
     </span>
     <span class='ocr_line' id='line_1_28' title="bbox 389 4241 1868 4334; baseline 0.004 -20"><span class='ocrx_word' id='word_1_273' title='bbox 389 4253 452 4326; x_wconf 62' lang='grc' dir='ltr'><strong>Μ’)</strong></span> <span class='ocrx_word' id='word_1_274' title='bbox 491 4251 575 4314; x_wconf 77' lang='lat' dir='ltr'><strong>sede</strong></span> <span class='ocrx_word' id='word_1_275' title='bbox 599 4269 690 4333; x_wconf 71' lang='lat' dir='ltr'><strong>supra</strong></span> <span class='ocrx_word' id='word_1_276' title='bbox 713 4249 801 4312; x_wconf 85' lang='lat' dir='ltr'><strong>dictis</strong></span> <span class='ocrx_word' id='word_1_277' title='bbox 837 4253 911 4330; x_wconf 84' lang='lat'><strong>699,</strong></span> <span class='ocrx_word' id='word_1_278' title='bbox 932 4257 983 4320; x_wconf 76' lang='lat'><strong>29.</strong></span> <span class='ocrx_word' id='word_1_279' title='bbox 1017 4249 1071 4310; x_wconf 90' lang='lat' dir='ltr'><strong>ubi</strong></span> <span class='ocrx_word' id='word_1_280' title='bbox 1092 4241 1205 4330; x_wconf 78' lang='grc' dir='ltr'>κόσμος</span> <span class='ocrx_word' id='word_1_281' title='bbox 1216 4251 1295 4312; x_wconf 77' lang='grc' dir='ltr'><strong><em>θεοῦ</em></strong></span> <span class='ocrx_word' id='word_1_282' title='bbox 1316 4245 1523 4333; x_wconf 75' lang='grc' dir='ltr'><strong>καρπόςᾶι.</strong></span> <span class='ocrx_word' id='word_1_283' title='bbox 1537 4263 1692 4334; x_wconf 74' lang='lat' dir='ltr'><strong>sanatum,</strong></span> <span class='ocrx_word' id='word_1_284' title='bbox 1706 4255 1783 4317; x_wconf 87' lang='lat' dir='ltr'><strong>sicut</strong></span> <span class='ocrx_word' id='word_1_285' title='bbox 1796 4259 1868 4320; x_wconf 81' lang='lat' dir='ltr'><strong>aliar</strong></span> 
     </span>
     <span class='ocr_line' id='line_1_29' title="bbox 427 4343 1866 4438; baseline 0.001 -20"><span class='ocrx_word' id='word_1_286' title='bbox 427 4357 554 4418; x_wconf 80' lang='lat' dir='ltr'><strong>virtutes</strong></span> <span class='ocrx_word' id='word_1_287' title='bbox 574 4353 813 4437; x_wconf 82' lang='lat' dir='ltr'><strong>patriarcharum</strong></span> <span class='ocrx_word' id='word_1_288' title='bbox 833 4359 876 4430; x_wconf 77' lang='lat'><strong>(2,</strong></span> <span class='ocrx_word' id='word_1_289' title='bbox 898 4359 971 4429; x_wconf 77' lang='grc'>366,</span> <span class='ocrx_word' id='word_1_290' title='bbox 1001 4357 1073 4431; x_wconf 79' lang='grc'><strong>13.),</strong></span> <span class='ocrx_word' id='word_1_291' title='bbox 1099 4360 1290 4430; x_wconf 82' lang='lat' dir='ltr'><strong>comparetur</strong></span> <span class='ocrx_word' id='word_1_292' title='bbox 1312 4373 1382 4412; x_wconf 83' lang='lat' dir='ltr'><strong>cunr</strong></span> <span class='ocrx_word' id='word_1_293' title='bbox 1405 4353 1555 4432; x_wconf 80' lang='lat' dir='ltr'><strong>arbore,</strong></span> <span class='ocrx_word' id='word_1_294' title='bbox 1570 4366 1715 4438; x_wconf 81' lang='lat' dir='ltr'><strong>perpetuo</strong></span> <span class='ocrx_word' id='word_1_295' title='bbox 1728 4343 1866 4428; x_wconf 67' lang='lat' dir='ltr'><strong>florente.</strong></span> 
     </span>
     <span class='ocr_line' id='line_1_30' title="bbox 410 4453 1405 4532; baseline -0.004 -16"><span class='ocrx_word' id='word_1_296' title='bbox 410 4455 513 4518; x_wconf 76' lang='lat' dir='ltr'><strong>¹Arm.</strong></span> <span class='ocrx_word' id='word_1_297' title='bbox 534 4465 564 4532; x_wconf 77' lang='lat'><strong>2,</strong></span> <span class='ocrx_word' id='word_1_298' title='bbox 591 4461 661 4524; x_wconf 75' lang='lat'>141.</span> <span class='ocrx_word' id='word_1_299' title='bbox 677 4455 715 4516; x_wconf 85' lang='lat' dir='ltr'><strong>ad</strong></span> <span class='ocrx_word' id='word_1_300' title='bbox 730 4455 805 4515; x_wconf 84' lang='lat' dir='ltr'><strong>Gen.</strong></span> <span class='ocrx_word' id='word_1_301' title='bbox 826 4458 857 4530; x_wconf 83' lang='lat'><strong>9,</strong></span> <span class='ocrx_word' id='word_1_302' title='bbox 879 4458 912 4521; x_wconf 81' lang='grc'><strong>3.</strong></span> <span class='ocrx_word' id='word_1_303' title='bbox 935 4455 971 4515; x_wconf 85' lang='lat' dir='ltr'><strong>de</strong></span> <span class='ocrx_word' id='word_1_304' title='bbox 992 4473 1060 4515; x_wconf 84' lang='lat' dir='ltr'><strong>esu</strong></span> <span class='ocrx_word' id='word_1_305' title='bbox 1082 4453 1217 4511; x_wconf 84' lang='lat' dir='ltr'><strong>curnis</strong></span> <span class='ocrx_word' id='word_1_306' title='bbox 1237 4453 1405 4516; x_wconf 84' lang='lat' dir='ltr'><strong>tolerando.</strong></span> 
     </span>
     <span class='ocr_line' id='line_1_31' title="bbox 384 4553 1867 4642; baseline -0.001 -25"><span class='ocrx_word' id='word_1_307' title='bbox 384 4557 445 4634; x_wconf 76' lang='lat'><strong>¹¹⁸)</strong></span> <span class='ocrx_word' id='word_1_308' title='bbox 469 4557 638 4619; x_wconf 82' lang='lat' dir='ltr'><strong>Bruckerus</strong></span> <span class='ocrx_word' id='word_1_309' title='bbox 653 4557 685 4618; x_wconf 88' lang='lat' dir='ltr'><strong>in</strong></span> <span class='ocrx_word' id='word_1_310' title='bbox 700 4556 770 4617; x_wconf 85' lang='lat' dir='ltr'><strong>hist.</strong></span> <span class='ocrx_word' id='word_1_311' title='bbox 792 4553 904 4637; x_wconf 87' lang='lat' dir='ltr'><strong>philos.</strong></span> <span class='ocrx_word' id='word_1_312' title='bbox 924 4559 1011 4617; x_wconf 84' lang='lat' dir='ltr'><strong>Tom.</strong></span> <span class='ocrx_word' id='word_1_313' title='bbox 1032 4561 1062 4621; x_wconf 76' lang='lat'><strong>2.</strong></span> <span class='ocrx_word' id='word_1_314' title='bbox 1085 4573 1116 4636; x_wconf 85' lang='lat' dir='ltr'><strong>p·</strong></span> <span class='ocrx_word' id='word_1_315' title='bbox 1131 4554 1202 4618; x_wconf 83' lang='grc'>966.</span> <span class='ocrx_word' id='word_1_316' title='bbox 1223 4554 1355 4614; x_wconf 80' lang='lat' dir='ltr'><strong>Kleuksr</strong></span> <span class='ocrx_word' id='word_1_317' title='bbox 1368 4555 1390 4624; x_wconf 82' lang='lat' dir='ltr'><strong>l.</strong></span> <span class='ocrx_word' id='word_1_318' title='bbox 1408 4555 1427 4618; x_wconf 89' lang='lat' dir='ltr'><strong>l.</strong></span> <span class='ocrx_word' id='word_1_319' title='bbox 1442 4576 1471 4637; x_wconf 87' lang='lat' dir='ltr'><strong>p.</strong></span> <span class='ocrx_word' id='word_1_320' title='bbox 1485 4561 1537 4626; x_wconf 79' lang='lat'><strong>73.</strong></span> <span class='ocrx_word' id='word_1_321' title='bbox 1586 4559 1676 4620; x_wconf 74' lang='lat' dir='ltr'><strong>{seber</strong></span> <span class='ocrx_word' id='word_1_322' title='bbox 1690 4557 1720 4618; x_wconf 86' lang='lat' dir='ltr'><strong>d.</strong></span> <span class='ocrx_word' id='word_1_323' title='bbox 1733 4557 1867 4642; x_wconf 66' lang='lat' dir='ltr'><strong>gebeina</strong></span> 
     </span>
     <span class='ocr_line' id='line_1_32' title="bbox 427 4655 1866 4737; baseline 0.001 -13"><span class='ocrx_word' id='word_1_324' title='bbox 427 4663 525 4724; x_wconf 73' lang='lat' dir='ltr'><strong>Ldne</strong></span> <span class='ocrx_word' id='word_1_325' title='bbox 538 4661 568 4727; x_wconf 83' lang='lat' dir='ltr'><strong>d.</strong></span> <span class='ocrx_word' id='word_1_326' title='bbox 584 4665 666 4724; x_wconf 83' lang='lat' dir='ltr'><strong>alten</strong></span> <span class='ocrx_word' id='word_1_327' title='bbox 681 4658 855 4721; x_wconf 76' lang='lat' dir='ltr'><strong>Orimtalm</strong></span> <span class='ocrx_word' id='word_1_328' title='bbox 869 4677 899 4718; x_wconf 82' lang='grc' dir='ltr'><strong>ιι.</strong></span> <span class='ocrx_word' id='word_1_329' title='bbox 913 4657 1020 4717; x_wconf 73' lang='lat' dir='ltr'><strong>leden.</strong></span> <span class='ocrx_word' id='word_1_330' title='bbox 1042 4655 1171 4735; x_wconf 62' lang='lat' dir='ltr'><strong>Leipzig</strong></span> <span class='ocrx_word' id='word_1_331' title='bbox 1186 4657 1278 4722; x_wconf 83' lang='lat'><strong>1805.</strong></span> <span class='ocrx_word' id='word_1_332' title='bbox 1301 4656 1342 4715; x_wconf 68' lang='lat' dir='ltr'><strong>kl·</strong></span> <span class='ocrx_word' id='word_1_333' title='bbox 1354 4661 1385 4724; x_wconf 86' lang='lat'><strong>8·</strong></span> <span class='ocrx_word' id='word_1_334' title='bbox 1393 4679 1427 4737; x_wconf 81' lang='lat' dir='ltr'><strong>p·</strong></span> <span class='ocrx_word' id='word_1_335' title='bbox 1442 4663 1494 4724; x_wconf 82' lang='lat'><strong>21·</strong></span> <span class='ocrx_word' id='word_1_336' title='bbox 1522 4659 1613 4721; x_wconf 77' lang='lat' dir='ltr'><strong>Ueder</strong></span> <span class='ocrx_word' id='word_1_337' title='bbox 1625 4657 1675 4720; x_wconf 82' lang='lat' dir='ltr'><strong>die</strong></span> <span class='ocrx_word' id='word_1_338' title='bbox 1689 4661 1724 4722; x_wconf 83' lang='lat' dir='ltr'><em>V</em></span> <span class='ocrx_word' id='word_1_339' title='bbox 1718 4663 1866 4726; x_wconf 62' lang='lat' dir='ltr'><strong>emmil-</strong></span> 
     </span>
    </p>
   </div>
   <div class='ocr_carea' id='block_1_6' title="bbox 425 4757 1999 4966">
    <p class='ocr_par' dir='ltr' id='par_1_6' title="bbox 425 4757 1999 4966">
     <span class='ocr_line' id='line_1_33' title="bbox 425 4757 1984 4853; baseline -0.01 -23"><span class='ocrx_word' id='word_1_340' title='bbox 425 4771 529 4851; x_wconf 82' lang='lat' dir='ltr'><strong>rclrafi</strong></span> <span class='ocrx_word' id='word_1_341' title='bbox 541 4769 593 4829; x_wconf 88' lang='lat' dir='ltr'><strong>der</strong></span> <span class='ocrx_word' id='word_1_342' title='bbox 607 4767 766 4851; x_wconf 81' lang='lat' dir='ltr'><strong>gnostr&#39;sch</strong></span> <span class='ocrx_word' id='word_1_343' title='bbox 774 4799 784 4815; x_wconf 90' lang='lat'>·</span> <span class='ocrx_word' id='word_1_344' title='bbox 792 4759 1036 4845; x_wconf 79' lang='lat' dir='ltr'><strong>theosophisclren</strong></span> <span class='ocrx_word' id='word_1_345' title='bbox 1051 4757 1138 4819; x_wconf 80' lang='lat' dir='ltr'><strong>Idem</strong></span> <span class='ocrx_word' id='word_1_346' title='bbox 1151 4763 1208 4818; x_wconf 81' lang='lat' dir='ltr'><strong>mit</strong></span> <span class='ocrx_word' id='word_1_347' title='bbox 1221 4759 1251 4821; x_wconf 87' lang='lat' dir='ltr'><strong>d.</strong></span> <span class='ocrx_word' id='word_1_348' title='bbox 1269 4763 1572 4845; x_wconf 78' lang='lat' dir='ltr'><strong>Religionsrystemen</strong></span> <span class='ocrx_word' id='word_1_349' title='bbox 1585 4764 1615 4826; x_wconf 87' lang='lat' dir='ltr'><strong>d.</strong></span> <span class='ocrx_word' id='word_1_350' title='bbox 1627 4767 1754 4833; x_wconf 74' lang='lat' dir='ltr'><strong>Oriente,</strong></span> <span class='ocrx_word' id='word_1_351' title='bbox 1774 4773 1864 4853; x_wconf 68' lang='grc' dir='ltr'><strong>ΜΡ.</strong></span> <span class='ocrx_word' id='word_1_352' title='bbox 1982 4807 1984 4815; x_wconf 94' lang='grc'>.</span> 
     </span>
     <span class='ocr_line' id='line_1_34' title="bbox 427 4859 1999 4966; baseline 0 -34"><span class='ocrx_word' id='word_1_353' title='bbox 427 4877 485 4956; x_wconf 78' lang='lat' dir='ltr'><strong>sig.</strong></span> <span class='ocrx_word' id='word_1_354' title='bbox 502 4875 592 4940; x_wconf 78' lang='lat'><strong>1828.</strong></span> <span class='ocrx_word' id='word_1_355' title='bbox 607 4877 636 4938; x_wconf 78' lang='lat'><strong>4.</strong></span> <span class='ocrx_word' id='word_1_356' title='bbox 658 4891 689 4951; x_wconf 92' lang='lat' dir='ltr'><strong>p.</strong></span> <span class='ocrx_word' id='word_1_357' title='bbox 705 4874 753 4934; x_wconf 88' lang='lat'><strong>16.</strong></span> <span class='ocrx_word' id='word_1_358' title='bbox 768 4869 806 4932; x_wconf 84' lang='lat' dir='ltr'><strong>cl.</strong></span> <span class='ocrx_word' id='word_1_359' title='bbox 827 4867 958 4929; x_wconf 79' lang='lat' dir='ltr'><strong>Histoire</strong></span> <span class='ocrx_word' id='word_1_360' title='bbox 972 4861 1100 4943; x_wconf 81' lang='lat' dir='ltr'><strong>critique</strong></span> <span class='ocrx_word' id='word_1_361' title='bbox 1113 4859 1155 4921; x_wconf 86' lang='lat' dir='ltr'><strong>du</strong></span> <span class='ocrx_word' id='word_1_362' title='bbox 1167 4863 1359 4940; x_wconf 81' lang='lat' dir='ltr'><strong>gnosticisme</strong></span> <span class='ocrx_word' id='word_1_363' title='bbox 1380 4885 1437 4948; x_wconf 84' lang='lat' dir='ltr'><strong>pur</strong></span> <span class='ocrx_word' id='word_1_364' title='bbox 1449 4865 1490 4927; x_wconf 81' lang='grc' dir='ltr'><strong>Μ.</strong></span> <span class='ocrx_word' id='word_1_365' title='bbox 1502 4867 1608 4955; x_wconf 78' lang='lat' dir='ltr'><strong>laquea</strong></span> <span class='ocrx_word' id='word_1_366' title='bbox 1621 4869 1742 4930; x_wconf 81' lang='lat' dir='ltr'><strong>Matter.</strong></span> <span class='ocrx_word' id='word_1_367' title='bbox 1759 4873 1861 4934; x_wconf 56' lang='lat' dir='ltr'><strong>«Paris.</strong></span> <span class='ocrx_word' id='word_1_368' title='bbox 1995 4956 1999 4966; x_wconf 31' lang='grc' dir='ltr'><strong><em>Ι</em></strong></span> 
     </span>
    </p>
   </div>
   <div class='ocr_carea' id='block_1_7' title="bbox 254 4965 1454 5158">
    <p class='ocr_par' dir='ltr' id='par_1_7' title="bbox 254 4965 1454 5158">
     <span class='ocr_line' id='line_1_35' title="bbox 254 4965 774 5076; baseline -0.023 -34"><span class='ocrx_word' id='word_1_369' title='bbox 254 4965 261 4978; x_wconf 80' lang='grc'><strong>’</strong></span> <span class='ocrx_word' id='word_1_370' title='bbox 356 5064 362 5076; x_wconf 34' lang='lat' dir='ltr'><em>l</em></span> <span class='ocrx_word' id='word_1_371' title='bbox 426 4977 517 5044; x_wconf 77' lang='lat'><strong>1828.</strong></span> <span class='ocrx_word' id='word_1_372' title='bbox 539 4975 622 5041; x_wconf 81' lang='lat' dir='ltr'><strong>Turn.</strong></span> <span class='ocrx_word' id='word_1_373' title='bbox 638 4971 661 5036; x_wconf 89' lang='lat'><strong>1.</strong></span> <span class='ocrx_word' id='word_1_374' title='bbox 679 4989 710 5052; x_wconf 89' lang='lat' dir='ltr'><strong>p.</strong></span> <span class='ocrx_word' id='word_1_375' title='bbox 724 4973 774 5038; x_wconf 79' lang='lat'><strong>60.</strong></span> 
     </span>
     <span class='ocr_line' id='line_1_36' title="bbox 350 5085 1454 5158; baseline 0 0"><span class='ocrx_word' id='word_1_376' title='bbox 350 5099 353 5102; x_wconf 82' lang='grc'><strong>’</strong></span> <span class='ocrx_word' id='word_1_377' title='bbox 695 5085 700 5092; x_wconf 78' lang='grc'>’</span> <span class='ocrx_word' id='word_1_378' title='bbox 1428 5087 1454 5158; x_wconf 89' lang='lat' dir='ltr'><strong>h</strong></span> 
     </span>
    </p>
   </div>
   <div class='ocr_carea' id='block_1_8' title="bbox 0 0 2628 6332">
    <p class='ocr_par' dir='ltr' id='par_1_8' title="bbox 0 0 2628 6332">
     <span class='ocr_line' id='line_1_37' title="bbox 0 0 2628 6332; baseline 0 10"><span class='ocrx_word' id='word_1_379' title='bbox 0 0 2628 6332; x_wconf 95' lang='lat' dir='ltr'><strong> </strong></span> 
     </span>
    </p>
   </div>
  </div>
 </body>
</html>
