5248 6332
622 673 701 774 ,τ
832 637 836 642 ’
1894 743 1897 752 ,

1928 793 1942 834 Ι
2028 831 2033 840 .

682 903 750 950 non
768 878 913 950 habeam
932 877 1061 962 dicerer
1093 897 1207 966 neque
1218 883 1343 944 tautum
1361 876 1490 970 private
1502 873 1651 950 Philonis
1667 884 1701 946 et
1722 875 2012 966 domesticum,
2045 879 2106 948 sed
2128 881 2249 980 partim

560 1081 564 1092 ,
683 1025 800 1076 eorum
818 1003 984 1094 omniurn,
1012 1001 1070 1092 qui
1088 1003 1175 1070 ultra
1190 1002 1309 1094 vulgus
1326 1023 1446 1092 sapere
1460 1002 1531 1070 ansi
1548 1009 1674 1090 esseut,
1708 1002 1889 1070 communis
1910 1001 1966 1069 illa
1983 1009 2017 1070 ct
2030 1003 2063 1072 in
2077 1006 2255 1096 mysterio·
2323 1039 2328 1056 ι

683 1150 758 1196 rum
770 1127 914 1198 tenebris
936 1137 1187 1216 ascetammque
1203 1135 1238 1194 et
1252 1125 1524 1216 therapeutarum
1539 1119 1788 1216 monasteriis²)
1805 1125 1934 1194 latitans
1949 1136 1983 1194 et
2001 1127 2147 1212 inclusa3
2172 1152 2253 1222 per-

684 1255 743 1322 tim
765 1275 829 1345 per
852 1275 1047 1346 synagogas
1071 1251 1242 1342 divulgata
1264 1248 1507 1337 doctorumque
1518 1247 1648 1345 Veteris
1665 1248 1872 1318 Testamenti
1897 1250 2113 1342 interpretum
2133 1276 2195 1332 ore
2213 1277 2253 1324 ac

685 1377 890 1446 sermonibus
905 1379 1021 1470 rigens
1034 1379 1146 1465 itaque
1162 1374 1322 1443 ccclesiae
1335 1370 1498 1440 Judaicae
1520 1371 1674 1462 publica3
1700 1397 1809 1463 neque
1832 1383 1960 1445 tantum
1975 1399 2091 1446 recens
2113 1378 2256 1463 inventa.

685 1522 774 1569 nova
790 1508 899 1586 certe,
924 1521 1008 1591 prae
1025 1523 1061 1568 se
1075 1500 1152 1590 lert,
1178 1498 1239 1568 'sed
1252 1497 1490 1587 antiquissimas
1506 1495 1606 1563 etiarn
1620 1496 1770 1588 priorum
1784 1497 2064 1592 philosophorum
2081 1503 2256 1570 sententias

683 1625 844 1718 plurimas
863 1623 1115 1715 complectitur,
1147 1647 1234 1715 quae
1254 1646 1275 1693 a
1292 1621 1474 1714 majoribus
1487 1621 1628 1692 traditae
1641 1631 1675 1689 ct
1689 1623 1858 1692 vetustatis
1871 1625 2032 1718 religione
2046 1635 2256 1712 consecratae
2350 1696 2352 1700 ,

687 1751 797 1822 multis
817 1735 893 1842 jam
917 1757 994 1816 ante
1009 1748 1187 1818 Philonem
1206 1747 1346 1817 saeculis
1370 1746 1550 1815 multorum
1575 1744 1750 1816 homiuum
1770 1757 1898 1818 mentes
1918 1745 2111 1840 animosqire
2136 1772 2255 1842 regere

593 1923 597 1944 .
680 1877 934 1962 ¹multommque
959 1873 1165 1965 populorum
1186 1895 1263 1956 cnm
1284 1894 1394 1942 mores
1418 1879 1453 1938 et
1473 1871 1634 1960 instituta,
1668 1878 1737 1939 tum
1751 1871 1903 1948 Deorum
1922 1873 2046 1974 cultum
2067 1875 2255 1967 gubernare

608 1979 613 1988 ’
690 2007 946 2080 consueverant3
971 2021 1082 2094 neque
1100 1977 1309 2068 Graecomm
1325 2004 1451 2064 tautum
1464 1993 1744 2088 philosophorum
1758 1985 1882 2088 placita
1896 2006 1929 2065 et
1938 1995 2079 2066 decreta
2092 2021 2151 2066 sua
2166 1999 2254 2086 fecit,

692 2122 787 2194 seda
803 2106 1053 2193 Chaldaeorum
1072 2111 1234 2217 inprimis
1254 2119 1531 2210 Judaeommque
1546 2121 1700 2210 autiquae
1715 2124 1748 2189 et
1761 2145 1901 2190 arcanae
1917 2123 2095 2214 sapientiae
2111 2123 2255 2204 auctori-

688 2259 757 2318 tute
773 2249 819 2316 ita
831 2248 981 2340 pendet,
1006 2257 1060 2334 ut,
1085 2247 1167 2318 ilum
1181 2245 1480 2340 pbilosophorum³
1506 2245 1564 2334 qui
1580 2246 1983 2340 antcipsumtloruemut,
2009 2248 2132 2318 lomim
2146 2269 2255 2340 paone

689 2373 802 2444 omnia
818 2373 851 2442 in
867 2395 970 2442 unum
986 2372 1132 2468 colligit,
1159 2370 1326 2461 quandam
1341 2371 1437 2462 quasi
1450 2357 1608 2440 Virronis
1622 2371 1905 2464 peplographiam
1925 2339 2082 2442 exhibere
2094 2372 2192 2442 Philo
2214 2395 2255 2440 ac

690 2497 771 2568 dum
790 2497 923 2567 orientis
944 2497 1023 2566 solis
1043 2517 1124 2566 οταν
1139 2495 1388 2586 occidentisque
1404 2495 1524 2588 plagas
1549 2494 1646 2564 simul
1666 2494 1798 2566 diversa
1817 2495 1904 2565 facie
1925 2506 2069 2589 spectat,
2104 2496 2254 2566 bifrontis
2290 2526 2294 2542 ·

688 2623 768 2692 tant
778 2623 881 2692 instar
896 2643 971 2692 ease
981 2621 1143 2691 ridemur.
1194 2620 1355 2710 Accedit,¹
1379 2619 1473 2710 qnod
1491 2643 1534 2690 or
1545 2619 1613 2690 hoc
1627 2619 1751 2691 eodem
1769 2621 1861 2690 loute
1877 2621 2044 2692 uberrimo
2061 2622 2106 2692 ad
2120 2621 2254 2692 histori-

689 2769 765 2816 cum
788 2723 876 2816 Nori
904 2745 1112 2819 Testamenti
1135 2743 1440 2838 interpretationem
1462 2764 1551 2817 nova
1571 2744 1691 2814 auxilia
1712 2745 1930 2816 ostenduntur
1945 2747 2086 2840 plurima
2102 2760 2136 2822 et
2152 2757 2253 2842 prsoss

814 3151 888 3220 τιοτλ
900 3153 969 3236 περὶ
984 3147 1161 3234 ἀνθρώπων
1176 3146 1360 3237 ειίχαριστρῖς,
1382 3145 1424 3230 μὴ
1439 3143 1535 3230 μόνον
1547 3149 1616 3233 περί
1629 3155 1684 3216 τοῦ
1697 3151 1820 3234 rivorio,
1842 3147 1917 3216 ἄλλα)
1928 3129 1980 3217 ταί
1992 3176 2018 3216 τ.
2032 3129 2166 3218 είίοίντι.
2184 3147 2254 3218 τίνα.

810 3249 1005 3339 pectorosos
1030 3249 1210 3338 εὖχαρίσεεε,
1237 3243 1374 3335 α’νιλραῖν,
1401 3255 1571 3334 γυναικοῖν,
1590 3249 1763 3348 Ἑλλήνων,
1785 3251 1960 3341 βαρβάρων,
1988 3255 2095 3322 τῶνέν
2108 3249 2255 3340 ἦττείροιρ,

814 3362 875 3422 τῶν
886 3381 912 3420 τ.
927 3355 1042 3448 νήσους
1053 3349 1221 3438 εἰληχότων.
1243 3361 1274 3432 2,
1298 3357 1370 3424 294.
1396 3357 1445 3419 10.
1468 3377 1493 3416 τ.
1502 3347 1640 3446 αἰταρχτὶν
1655 3356 1707 3420 sol
1719 3361 1775 3421 rori
1787 3358 1897 3434 ἔθνους
1911 3359 1992 3422 ἰδίαν
2005 3357 2057 3422 καί
2069 3354 2145 3440 είτιὲρ
2154 3351 2253 3420 ἅπαν-

814 3483 865 3536 τος
882 3451 1055 3544 σίνθραίιιων
1076 3455 1182 3542 ρίνους
1200 3449 1318 3552 κοινήν.
1349 3463 1383 3529 2,
1405 3457 1478 3532 295,
1498 3459 1553 3524 46.
1571 3459 1601 3520 τί
1614 3455 1647 3520 δὲ
1663 3454 1802 3540 μεῖζονῆ
1825 3454 2048 3542 ω’φελιμοίτεραν
2071 3459 2114 3535 είς
2134 3451 2253 3543 locent
2332 3517 2337 3536 ,
2428 3451 2433 3458 ’

731 3557 735 3564 ’
813 3555 891 3640 suono
908 3555 1010 3627 ἐλθεῖν
1029 3555 1164 3643 ἠδύνατο
1182 3582 1207 3623 τ.
1223 3559 1351 3642 γενικοῖν
1366 3557 1400 3634 (i.
1415 3577 1441 3622 s.
1452 3552 1643 3634 Ἰουδαϊκῶν)
1658 3555 1779 3642 νόμων,·
1808 3557 1908 3624 κοινὸν
1929 3557 1962 3624 tt
1983 3556 2058 3644 πριίς
2074 3556 2188 3635 πάντας
2202 3553 2255 3622 οἷν-

814 3663 1078 3748 θρωττουςέκεῖνο.
1121 3663 1240 3724 Arinen.
1253 3666 1296 3737 2.
1314 3665 1386 3728 211.
1409 3659 1512 3738 „solet
1526 3659 1579 3720 oei
1598 3671 1712 3723 amator
1720 3663 1803 3723 illico
1824 3661 2020 3723 etbomiuum
2032 3672 2144 3723 amator
2160 3664 2254 3736 esse,“

781 3815 785 3824 .
816 3765 895 3826 sicut
905 3765 978 3826 alius
994 3759 1128 3846 εείσίβεια
1140 3788 1167 3828 ιι.
1182 3762 1397 3847 φιλανθρωπία
1410 3761 1605 3842 conjunctim
1621 3775 1776 3844 ponuntur
1788 3763 1821 3824 iu
1841 3764 1990 3846 primariis
2010 3764 2178 3827 virtutibus.
2213 3763 2252 3824 ib.

817 3869 889 3936 236.
919 3868 1081 3949 sapientem
1102 3867 1278 3948 alienigenas
1298 3857 1386 3926 etism
1406 3864 1564 3930 stellerae
1585 3875 1680 3926 sectas
1698 3863 1833 3927 homines
1848 3867 1961 3928 salvare
1981 3868 2020 3928 ef.
2036 3871 2107 3936 216.
2127 3865 2167 3924 ib.
2180 3865 2252 3932 472.

816 3969 929 4045 Quibus
943 3963 1016 4029 insit
1029 3967 1175 4030 mentibus
1185 3989 1255 4030 curu
1262 3965 1424 4047 dignitatis,
1444 3971 1638 4027 cotrresmse
1649 3965 1728 4049 ipsos
1743 3967 1780 4028 tle
1792 3969 1972 4030 detractions
1985 3969 2107 4056 aliorum
2116 3967 2252 4042 Deorum,

814 4081 921 4154 utpote
940 4071 1005 4132 veri
1021 4071 1106 4131 Entis
1122 4071 1254 4134 virtusa
1277 4066 1394 4131 cunetis
1411 4065 1512 4126 oribus
1526 4065 1616 4130 laude
1635 4071 1808 4132 celebretur.
1821 4101 1865 4118 -
1905 4071 1947 4130 Ut
1961 4069 2039 4132 nibil
2052 4070 2158 4146 dicum,
2194 4069 2253 4129 iru-
2359 4127 2364 4160 .

799 4185 876 4250 ,tres
896 4173 956 4236 dici
975 4193 1077 4236 omnes
1095 4171 1229 4234 homines
1249 4173 1461 4254 servitutisque
1481 4191 1568 4234 omne
1585 4191 1687 4252 gnus,
1700 4182 1736 4233 ut
1749 4173 1894 4233 nefarium
1914 4173 2032 4254 legique
2045 4180 2166 4232 naturas
2179 4189 2252 4232 con-

813 4277 949 4357 trarium,
964 4274 1099 4368 da‘muori
1113 4283 1144 4335 et
1158 4273 1251 4356 rejici.

684 4369 687 4378 .
772 4397 804 4480 ²)
826 4391 1070 4481 ροναστήρεα
1090 4393 1213 4478 propris
1231 4402 1317 4455 erant
1337 4393 1579 4476 therapeutsrum
1603 4384 1634 4452 iu
1659 4389 1793 4473 Aegypto
1815 4393 1939 4473 privatis
1952 4391 1985 4452 iu
2003 4387 2123 4452 aedibus
2135 4389 2253 4474 privata
2333 4395 2335 4403 “

813 4499 942 4562 sacrsria
959 4510 989 4560 st
1004 4498 1087 4580 quasi
1106 4498 1250 4578 quaedum
1264 4495 1421 4582 sanctioris
1437 4494 1553 4578 generis
1575 4484 1693 4572 musea,
1725 4494 1865 4574 precibus
1884 4489 2188 4574 medjuuomtusqus-
2201 4505 2251 4554 σε’·

691 4673 702 4697 Γ
814 4601 984 4682 crisdicats
1001 4599 1197 4664 etdestinatu.
1226 4607 1263 4680 2,
1293 4600 1371 4676 476,
1400 4599 1430 4667 5.
1451 4622 1477 4661 τ.
1501 4595 1532 4675 ἕξ
1546 4595 1660 4680 ἡμέρας
1678 4595 1769 4680 χωρίς
1786 4593 1903 4660 ἕκαστον
1921 4589 2163 4677 μονούμενοι
2182 4587 2251 4676 παρ’

693 4683 705 4724 '³
816 4695 933 4780 ἔαντοῖς
947 4701 979 4768 ἐν
991 4708 1054 4778 τοῖς
1069 4707 1199 4783 λεχθεῖσι
1215 4702 1496 4786 μονασιηρίοις
1518 4695 1732 4782 φιλοσοφοῦσι.
1756 4699 1794 4760 cl.
1810 4697 1922 4776 2447,
1933 4699 1981 4765 15.
2003 4697 2056 4758 ubi
2068 4696 2252 4796 Socraticum

813 4805 889 4867 illud
903 4798 1111 4886 Aristophanis
1131 4793 1239 4866 salibus
1261 4803 1452 4865 nobilitatum
1469 4795 1779 4885 φροντιστήριον
1803 4799 1963 4883 sapientius
1984 4797 2134 4862 tribuitur.
2176 4797 2251 4860 ltsur

813 4915 843 4982 2.
865 4909 928 4976 486
937 4953 945 4983 ,
966 4907 996 4974 3.
1010 4901 1057 4970 d'r.
1081 4906 1142 4970 Καί
1157 4903 1229 4988 μετὰ
1243 4929 1269 4968 τ.
1284 4897 1386 4986 ἐν’χᾶς,
1415 4905 1458 4980 τίς
1473 4901 1510 4968 τα
1523 4903 1634 4968 ἑαυτοῦ
1642 4903 1771 4979 ’ἕκαστος
1784 4909 1949 4988 separis
1971 4895 2170 4986 ἄναχαροῦσε,
2194 4893 2252 4966 turi·

814 5015 860 5075 λεν
875 5034 900 5076 τ.
920 5005 1044 5092 συνήθη
1057 5009 1241 5091 φιλοσοφίαν
1256 5002 1509 5090 ίριιορευσόρενοε
1525 5029 1554 5071 ιι.
1570 4999 1798 5092 γεωργήσοντες.
