5248 6332
682 651 734 728 04

687 853 889 948 astrologiae
928 839 1121 916 commeatts
1161 846 1361 934 ocnpau,
1414 860 1493 909 cum
1538 838 1736 926 detrimento
1781 840 1911 934 pietau's
1956 842 2086 914 iomem
2118 863 2263 940 operam

687 983 837 1068 luderet,
874 995 956 1067 prae
987 987 1100 1038 rerum
1125 967 1319 1036 coelestium
1350 964 1458 1036 studio
1485 963 1572 1034 vitae
1598 965 1716 1053 oblita,
1754 967 1801 1035 ita
1826 975 1864 1036 ut
1890 964 2032 1034 cultores
2059 965 2129 1059 ejus
2155 979 2259 1061 atque

642 1095 645 1106 ⁸
691 1107 868 1186 doctores,
908 1094 1060 1189 quamvis
1087 1086 1303 1158 cardinalium
1329 1084 1472 1175 quatuor
1496 1090 1653 1160 virtutum
1677 1090 1793 1160 laudes
1819 1090 1960 1183 frigidas
1985 1091 2120 1184 publice
2142 1093 2263 1186 priva-¹

585 1223 589 1234 ’
688 1232 814 1320 titoque
839 1245 979 1314 crepare
1003 1241 1070 1294 nou
1097 1209 1312 1298 desisterent,
1354 1219 1466 1281 tamen
1490 1235 1590 1282 verae
1617 1215 1797 1308 sapientiae
1821 1214 1890 1284 uim
1915 1224 1949 1284 et
1974 1216 2167 1290 facultatem
2190 1241 2271 1298 non,

565 1425 569 1440 ,
685 1355 795 1425 solum
820 1347 882 1418 sed
907 1339 1007 1414 etiam
1030 1363 1129 1410 nsum
1153 1339 1366 1424 tractumque
1390 1335 1591 1427 ignorarent
1604 1331 1678 1430 ²⁷⁸)
1730 1337 1835 1426 Quod
1861 1361 1964 1430 quum
1989 1339 2119 1410 videret
2142 1353 2256 1412 noster

690 1500 765 1548 esse
790 1475 938 1565 aliquos,
977 1468 1035 1558 qui
1060 1465 1142 1535 duna
1173 1462 1226 1532 isti
1250 1459 1340 1530 malo
1365 1458 1494 1528 mederi
1519 1458 1689 1550 cupientes
1714 1462 1864 1554 Scyllam
1889 1463 2063 1556 fugerent,
2101 1465 2137 1533 in
2163 1463 2263 1534 cta-¹

688 1599 825 1694 rybdim
855 1595 1059 1680 inciderent,
1100 1610 1211 1658 mores
1242 1586 1369 1677 patrios
1393 1584 1541 1676 ritusque
1567 1605 1679 1654 sacros
1704 1589 1829 1678 pariter
1854 1597 2123 1676 contemnerent,
2164 1590 2258 1694 ptin

687 1722 963 1798 monasteriorum
987 1715 1113 1786 umbris
1138 1711 1303 1782 latitantes
1328 1709 1483 1799 vitaeque
1504 1707 1682 1778 hominum
1706 1719 1742 1778 et
1765 1713 1929 1782 societatis
1955 1723 2119 1802 exsortes,
2159 1737 2257 1784 men-

684 1859 755 1921 tem
780 1871 802 1915 a
827 1844 975 1915 sensibus
1002 1861 1144 1909 avocare
1168 1836 1267 1905 unice
1293 1833 1426 1922 soliciti,
1465 1834 1501 1900 in
1535 1835 1815 1925 contemplatione
1845 1861 1958 1928 rerum
1984 1839 2171 1908 divmarum
2195 1863 2252 1909 ae-

596 2022 598 2032 ·
685 1971 789 2045 tate'm
815 1973 1062 2052 consumerent,
1076 1959 1150 2054 ²⁷⁹)
1176 1957 1322 2030 mediam
1353 1959 1426 2051 ipse
1458 1957 1546 2026 viam
1561 2003 1563 2008 -
1577 1959 1744 2054 ingressus
1776 1969 2077 2054 temperamentum
2108 1965 2255 2036 invenire

688 2100 752 2172 sibi
777 2096 865 2166 visus
891 2100 960 2180 est,
1004 2111 1069 2181 qua
1100 2083 1335 2183 philosophiae
1368 2081 1511 2176 dignitas
1545 2105 1623 2150 cum
1656 2081 1769 2152 studiis
1802 2097 1989 2158 ascetarum
2020 2087 2254 2160 honestissimis

639 2301 647 2326 Ι
690 2230 897 2313 aequaretur.
947 2215 1099 2284 Retinuit
1121 2211 1260 2305 pristina
1286 2207 1458 2278 Cabbalae
1491 2206 1709 2277 fundamenta
1739 2210 1869 2298 omnia,
1910 2235 2024 2284 sacrae
2059 2213 2253 2306 scripturae,
2284 2254 2289 2272 ·

686 2343 886 2428 traditionis,
919 2336 1194 2432 interpretationis
1219 2333 1438 2425 allegoricae,
1463 2332 1722 2422 mysteriorum,
1755 2337 1994 2426 cosmogoniae
2018 2339 2249 2426 reverentiam,

551 2484 568 2516 <’
686 2471 819 2542 retinuit
843 2469 923 2536 item
947 2463 1060 2533 locum
1085 2457 1401 2555 praestantissimum
1424 2455 1470 2524 dc
1494 2456 1668 2525 harmonia
1683 2479 1804 2525 rerum
1828 2457 2060 2544 univcrsitatis;
2076 2456 2152 2552 ²⁸⁰)
2192 2460 2254 2530 sed

540 4369 544 4384 ·
596 4393 599 4400 -
708 4336 714 4352 '
762 4325 1175 4437 stomachans

688 2593 820 2666 alterius
852 2577 999 2660 Socratis
1029 2588 1147 2673 instar,
1185 2579 1436 2678 philosophiam
1465 2581 1586 2650 iterum
1618 2579 1793 2651 devocavit
1828 2585 1969 2653 ecoelo
1995 2594 2030 2656 et
2053 2585 2086 2653 in
2112 2583 2252 2655 urbibus

616 2731 619 2742 '
687 2714 879 2802 collocavit,
920 2713 1128 2782 dialecticam
1157 2707 1369 2777 subtilitatem
1399 2700 1650 2797 adjunxit,²⁸¹)
1691 2704 1801 2774 soloin·
1823 2705 2002 2780 honestum
2026 2709 2153 2778 bouum
2178 2733 2253 2780 esse
2341 2714 2349 2732 ¹

685 2839 881 2927 declaravit,
904 2836 952 2906 ad
975 2837 1087 2908 Deum
1110 2834 1221 2926 ipsum
1244 2829 1421 2902 referenda
1447 2853 1520 2936 esse
1546 2829 1656 2897 omnia
1680 2831 1816 2918 censuit,
1842 2834 1903 2902 sed
1926 2831 2017 2904 idem
2037 2835 2251 2906 mediocrite·
2303 2803 2305 2812 ‚

684 2978 754 3039 tem
779 2987 854 3034 eam
880 2960 1141 3048 commendauit,
1177 2979 1265 3048 quae
1291 2966 1341 3025 est
1364 2957 1449 3024 inter
1475 2954 1609 3022 nimium
1635 2964 1669 3022 et
1693 2977 1831 3048 parum,
1844 2953 1919 3052 ²⁸²)
1971 2959 2084 3050 itaque
2109 2961 2248 3030 incensis

685 3090 835 3184 corporis
869 3083 1098 3154 contemnendi
1136 3103 1314 3186 rerumque
1344 3081 1564 3151 humanarum
1597 3076 1886 3171 despiciendarum
1920 3083 2034 3156 studiis
2068 3086 2249 3178 sapientiae

683 3217 771 3288 riam
796 3210 841 3281 ad
866 3213 996 3282 coelum
1029 3202 1151 3279 stravit.

683 3481 890 3500 m

766 3675 828 3759 ω)
851 3677 996 3840 scapo.
1018 3670 1092 3744 sse,
1116 3673 1164 3736 so.
1186 3667 1262 3744 eae,
1284 3671 1336 3736 ar.
1357 3669 1439 3746 eso,
1461 3669 1491 3734 a
1516 3668 1565 3735 se.
1587 3670 1668 3745 eas,
1693 3670 1741 3734 ts.
1762 3669 1844 3742 oss,
1867 3666 1896 3734 ⁵.
1921 3671 1969 3733 ss.
1992 3673 2029 3746 a,
2052 3669 2132 3750 an,
2154 3671 2205 3740 47.

805 3783 883 3855 eos,
907 3783 922 3842 t
949 3777 1056 3849 .no,
1081 3776 1129 3838 ιι.

765 3911 830 3997 ¹⁷⁹)
853 3914 933 3990 551,
952 3912 979 3976 4.
1008 3899 1251 3985 ἀλαζονεύονται,
1284 3900 1322 3970 οὔ
1350 3909 1594 3990 καταφρονοῦσι,
1629 3899 1663 3968 ni
1686 3903 1787 3988 ρυπᾷν
1815 3925 1842 3966 κ.
1871 3899 2116 3987 σ’κυθρωπᾶζειν,
2139 3903 2246 3994 «deep.

804 4019 868 4098 pci'g
887 4036 917 4076 ce
932 4036 958 4074 κ.
982 4003 1143 4090 αὕχμηροῖς
1164 4001 1287 4088 daorsis.
1309 3999 1342 4067 r.
1365 4013 1413 4074 14.
1434 4033 1459 4070 r.
1480 4006 1641 4088 ἄμικτον
1663 4031 1690 4068 κ.
1714 4000 1984 4086 &corodentes
2005 4031 2033 4070 a.
2055 4004 2246 4095 μονότρο.

807 4139 883 4182 πον
911 4138 938 4177 κ.
960 4105 1180 4194 penetrando
1205 4111 1293 4191 βίον
1317 4110 1447 4172 damnat.
1471 4113 1547 4184 683,
1575 4115 1626 4176 26.
1649 4101 1740 4189 tizpol
1766 4131 1794 4170 a.
1822 4102 2032 4192 διεῤῥυηκότες
2058 4135 2086 4174 κ.
2109 4134 2245 4180 amecur-

807 4215 974 4298 aaronem
993 4211 1177 4274 incedebant.
1196 4211 1275 4289 584,
1299 4214 1348 4280 15·
2193 4209 2197 4212 ’

625 4507 630 4517 ,
688 4457 691 4464 ’
747 4489 827 4569 ¹aar)
853 4495 930 4568 tao,
951 4489 981 4555 6·
1003 4491 1081 4562 206,
1105 4489 1155 4552 24.
1174 4489 1252 4557 297,
1272 4478 1324 4550 26.
1344 4503 1413 4544 uam
1433 4505 1491 4566 que
1513 4503 1646 4566 quaeqae
1666 4419 1838 4565 cogitantuh
1861 4485 2058 4568 explicatius,
2079 4509 2115 4553 eo
2133 4511 2243 4574 eorpus

811 4603 842 4655 et
867 4611 914 4654 rea
931 4597 1070 4650 externas
1094 4597 1282 4648 contremere
1305 4586 1423 4647 facilius
1448 4596 1504 4648 est.
1766 4609 1772 4618 ·
2183 4597 2190 4611 ι

766 4727 826 4804 ²⁸²)
847 4731 928 4802 244,
956 4731 1007 4794 29.
1038 4729 1116 4802 819,
1143 4726 1194 4789 46.
1224 4725 1302 4798 584,
1338 4725 1389 4791 15.
1419 4713 1502 4786 οὗτοι
1524 4721 1627 4804 μέντοι
1654 4719 1711 4806 τὴν
1738 4721 1847 4788 ἔνθεον
1866 4725 1981 4805 μανίαν
2008 4723 2151 4808 μανέντες
2178 4725 2243 4812 ἔξη.

807 4825 998 4916 γριῶθησαν·
1025 4827 1122 4908 ἕτεροι
1142 4819 1172 4888 d’
1195 4823 1269 4888 cloio
1288 4825 1321 4887 ol
1346 4829 1400 4906 τῆς
1426 4819 1573 4887 trodonei
1597 4850 1623 4888 a.
1644 4823 1758 4909 ἡμέρου
1784 4827 1895 4904 σοφίας
1920 4825 2045 4908 ἑταῖροι·
2070 4820 2186 4906 τούτοις
2209 4829 2243 4896 di

808 4927 941 5015 εὐσέβεια
948 4923 1152 5014 διαφερόντως
1165 4919 1299 4990 dunelm
1310 4925 1360 4990 ael
1368 4922 1404 4988 ni
1413 4919 1590 5007 efrondens
1602 4921 1657 5008 οὐχ
1665 4925 1857 5010 decerpsisse.
1865 4927 1951 4988 locus
1962 4923 2242 5012 clauicu2'453‚44.
