5248 6332
399 784 469 853 aive
487 785 666 876 ¹saepientia,
704 785 774 856 circ
797 785 940 856 mundat
963 786 1037 880 ipre
1058 785 1274 882 intelligentia
1294 787 1369 858 eota
1391 783 1709 883 concipiendus‚⁹⁷)
1753 791 1817 884 ita,
1849 803 1903 886 ut,
1927 798 1963 868 ai

398 908 471 1000 qula
492 909 679 1001 superiores
705 931 745 978 oc
771 910 1021 1003 principcellei
1040 911 1175 994 virtutes
1197 910 1401 998 dinumeret,
1427 914 1588 982 ternarius
1615 936 1771 984 numeros
1787 916 1964 1015 6196198)
2049 990 2054 1007 ,

329 1023 333 1032 ’
397 1033 608 1123 uireliques,
635 1055 722 1123 quac
741 1033 820 1103 inde
842 1045 1026 1124 manarunt,
1052 1035 1166 1124 addat,
1192 1031 1482 1130 septenarius,⁹⁹)
1508 1037 1697 1130 sidereique
1722 1063 1847 1131 eorum,
1874 1067 1961 1136 quae

395 1155 498 1257 vulgo
517 1155 685 1248 teruntur,
722 1157 856 1228 nomina
875 1160 987 1230 omnio
1011 1160 1292 1254 comprehendet,
1326 1160 1496 1248 denarius,
1513 1155 1585 1254 ¹⁰⁰)
1624 1185 1692 1255 quo
1716 1167 1774 1254 lit,
1806 1178 1845 1238 ut
1868 1171 1960 1242 Deus

518 1465 671 1546 designant
686 1461 760 1523 duae
779 1461 914 1544 priores,
938 1485 1014 1545 quae
1028 1463 1109 1548 apud
1126 1463 1315 1525 divinitatem
1328 1445 1418 1537 eunt',
1438 1463 1582 1542 virtuter,
1604 1465 1762 1528 ereativem
1777 1469 1842 1530 ecil.
1859 1481 1889 1532 et
1902 1492 1957 1534 re-
1997 1521 2003 1532 .

517 1570 592 1648 giam
602 1613 614 1644 ,
637 1585 763 1646 querum
779 1584 839 1626 une
852 1585 961 1628 nomen
973 1566 1050 1646 gerit
1060 1565 1127 1640 Dei,
1150 1565 1285 1627 etaltera
1302 1567 1430 1628 Domini.
1473 1571 1547 1634 616.
1564 1566 1606 1628 in.
1623 1563 1662 1629 ud
1675 1567 1731 1629 len.
1745 1575 1781 1647 6,
1804 1577 1835 1639 2.
1878 1573 1959 1636 Cho.

516 1670 615 1730 rubim
634 1668 794 1749 exponimr
813 1676 936 1750 typue
956 1669 1007 1729 vel
1026 1668 1090 1730 inc
1102 1668 1277 1742 eudium,
1298 1669 1420 1730 nomina
1437 1669 1550 1730 directe
1563 1667 1727 1732 virtutibus
1742 1681 1828 1754 αμα,
1842 1675 1956 1740 turmae

513 1771 634 1832 enimet
652 1770 719 1852 typi
740 1779 826 1847 eunt,
853 1770 961 1850 quibua
981 1780 1099 1832 crentur
1118 1769 1265 1831 murrdum
1287 1770 1429 1850 figurarit
1448 1803 1491 1818 ·-
1517 1769 1692 1832 incendium
1718 1793 1791 1839 vero
1811 1787 1956 1861 propter-

516 1892 567 1953 ea,
602 1872 672 1954 quio
685 1881 864 1933 consumunt
877 1871 1074 1954 privationem
1086 1871 1123 1931 nb
1141 1871 1246 1933 urdine
1261 1869 1323 1931 eive
1333 1869 1547 1934 informitatem
1564 1874 1714 1940 materiae.

444 1985 448 1992 ’
472 1971 518 2058 ο1)
549 1976 631 2066 Arm,
654 1979 692 2053 9,
722 1975 795 2046 616.
828 1975 936 2037 ultime
959 1975 1030 2038 lecu
1051 1974 1139 2056 punit
1161 1993 1270 2036 arcem.
1312 1972 1389 2034 Arca
1410 1983 1510 2036 autem
1528 1973 1732 2057 eet,‚inqoit‚
1757 1977 1955 2061 intelligibilia
2051 2016 2056 2024 ·

511 2077 618 2142 muudi
634 2078 804 2160 symbulum
818 2085 849 2136 et
863 2074 952 2138 babet
966 2076 1077 2153 omnia,
1097 2076 1246 2138 collocuta
1261 2074 1331 2136 tede
1345 2075 1379 2136 in
1396 2075 1488 2156 adyto
1501 2086 1691 2142 sanctornm
1704 2079 1891 2162 ,symbolice
1905 2083 1956 2144 in·

512 2201 610 2263 quem,
627 2201 695 2243 eron
711 2180 924 2262 incorporeum
939 2177 1085 2240 mundum
1100 2189 1129 2240 et
1143 2179 1254 2260 legem,
1276 2197 1366 2258 qoam
1378 2179 1567 2262 nuncupavit
1581 2180 1786 2244 teatimoulum
1799 2213 1860 2246 -.
1894 2185 1956 2248 lix.

511 2283 594 2345 cellit
609 2291 709 2345 trmm
727 2303 780 2360 eo,
817 2279 900 2362 quod
917 2281 952 2342 in
975 2281 1075 2344 medio
1098 2290 1159 2359 eat,
1194 2279 1338 2352 Divinum
1362 2280 1508 2360 Verbum,
1559 2281 1691 2344 Verbum
1712 2292 1811 2346 autem
1833 2299 1955 2370 ruperat

510 2385 571 2461 Qui
589 2385 674 2453 dicit.

467 2483 513 2572 ⁹⁸)
535 2488 654 2550 Doebur
672 2486 751 2549 enim
766 2481 971 2566 enperiuribou
985 2483 1040 2545 oei
1058 2481 1237 2556 virtutibus,
1259 2485 1321 2548 Deo
1333 2493 1364 2550 et
1377 2485 1523 2565 llomlnu,
1544 2506 1622 2568 quae
1640 2486 1676 2551 el
1689 2480 1833 2556 ἆνωτᾶιοι
1849 2489 1884 2554 ul
1894 2486 1951 2558 driu

507 2592 626 2674 πρόοα,
641 2583 785 2672 δυνάμεις
796 2584 933 2664 andiunt,
965 2591 1043 2662 178,
1067 2589 1119 2654 16·
1141 2589 1223 2664 106,
1242 2593 1296 2654 91.
1311 2593 1362 2658 98.
1384 2589 1410 2649 ei
1424 2577 1492 2671 quie
1506 2589 1682 2652 adnumeret
1700 2592 1838 2674 copulam
1845 2637 1859 2672 ,
1890 2615 1951 2675 qua

507 2687 633 2773 utreque
656 2691 818 2772 cunjuncta
836 2697 974 2770 tenetur,
1003 2688 1067 2750 rire
1078 2687 1209 2752 Verbum
1228 2689 1384 2768 divinum,
1416 2692 1480 2754 eive
1494 2693 1589 2754 Deum
1609 2692 1727 2774 iprum,
1753 2693 1859 2758 exiutit
1878 2716 1951 2758 ean·

507 2792 794 2876 ctiuimaqueedem
809 2791 895 2853 uiae.
914 2795 952 2868 9,
976 2794 1034 2866 19,
1056 2795 1087 2858 1.
1103 2796 1135 2860 8.
1150 2791 1203 2860 21.
1224 2793 1264 2854 ul.
1278 2799 1317 2870 9,
1338 2797 1377 2870 9,
1399 2793 1449 2860 26.
1463 2792 1515 2860 10.

389 2887 392 2894 “
465 2891 513 2970 ⁰⁹)
540 2895 625 2958 Arm.
645 2899 683 2971 2,
706 2896 777 2963 616.
806 2893 921 2968 Quibus
937 2893 1132 2954 dinumeratio
1151 2894 1341 2976 septenariue·
1354 2894 1523 2976 completur
1535 2915 1692 2958 nnmerum
1713 2897 1844 2960 mnndue
1856 2897 1947 2962 ride·

507 2995 818 3075 licetintelluctualie,
839 3004 871 3056 et
885 2995 1030 3074 virtutes,
1057 3003 1459 3076 qnatenneeogoetreomt,
1481 2999 1652 3080 percussivo
1672 3007 1703 3060 et
1714 2997 1862 3077 benefice5
1891 3011 1946 3064 et-

492 3179 493 3186 ,
506 3119 565 3181 que
579 3099 655 3161 duee
667 3099 741 3162 aliae
753 3099 801 3162 bia
814 3097 986 3177 anteriores,
1001 3099 1130 3161 mentire
1144 3107 1175 3160 et
1187 3097 1277 3178 regia,
1298 3099 1504 3180 cognationem
1518 3100 1648 3164 habente
1657 3100 1801 3184 mojorem
1814 3103 1945 3166 creatire
2033 3105 2036 3116 '

502 3212 534 3264 et
550 3211 636 3282 gente
652 3202 850 3284 cinguloque:
872 3214 959 3285 atque
976 3201 1122 3278 Verbum3
1144 3202 1290 3283 septimae
1311 3211 1411 3264 eutem
1424 3201 1486 3279 Qui
1499 3201 1581 3264 dicit
1624 3202 1714 3280 Quod
1729 3202 1756 3264 ei
1770 3202 1945 3288 dereperiue

502 3303 672 3381 incboabie,
694 3303 793 3385 primo
805 3307 930 3384 Diceno3
958 3316 988 3368 et
1004 3301 1136 3366 aecnndu
1150 3303 1297 3383 Verbum,
1319 3301 1411 3366 tertio
1422 3303 1521 3366 virtue
1536 3305 1681 3382 erectior,
1704 3313 1811 3386 quarto
1822 3307 1945 3389 priuci-

501 3409 624 3491 patire5
654 3405 761 3468 deinde
774 3409 828 3470 rub
840 3410 970 3473 mentire
983 3403 1091 3489 quintu
1105 3405 1237 3468 benefice
1245 3450 1256 3486 ,
1278 3415 1309 3468 et
1321 3406 1378 3468 enb
1391 3407 1472 3486 regie
1487 3416 1573 3469 sexto
1585 3405 1777 3490 perenuium
1798 3410 1944 3492 reptimue

386 3537 389 3548 ·
501 3517 661 3572 entemeet
677 3509 807 3572 mundae
820 3531 858 3574 ex
872 3510 1026 3594 epeciebuu
1040 3519 1192 3571 cunctane.
1222 3509 1355 3586 ci.562,
1376 3509 1429 3578 46.
1465 3547 1468 3554 ι
1662 3537 1667 3550 ·

460 3604 521 3694 ¹⁰⁰)
549 3616 630 3690 692,
649 3613 703 3680 26.
731 3607 995 3698 uoioeiuouou
1016 3611 1051 3676 ui
1067 3607 1192 3688 n'o'vuoc
1207 3605 1350 3693 deuoluere
1365 3611 1489 3688 uteo,
1511 3609 1564 3678 42
1584 3613 1749 3692 πλῆθος.
1785 3610 1868 3691 161,
1892 3619 1943 3682 16.

500 3704 690 3795 ἆμοθήτοος.
705 3715 780 3776 dion
794 3714 904 3776 mirum
916 3714 1018 3794 igitur,
1046 3714 1085 3776 de
1096 3713 1273 3776 *numinibus
1289 3714 1438 3776 virtutum
1459 3701 1741 3774 divinarum'rariae
1753 3713 1847 3776 sciere
1863 3715 1944 3780 inter

498 3812 696 3899 philocuplnue
710 3817 889 3879 ludaeorum
904 3815 1082 3890 coutentium
1097 3815 1149 3878 e'ed
1162 3816 1284 3877 omniuo
1293 3799 1628 3895 inbielatereeliqoam,
1645 3813 1702 3876 etei
1716 3814 1940 3896 eububecurem,

498 3916 602 3978 decem
617 3917 813 4000 eepbirarnm,
829 3939 889 4000 quo
903 3917 1021 4000 quidem
1038 3919 1160 3980 numine
1173 3915 1364 4000 philosophia
1373 3917 1572 3978 Cubbelietice
1587 3915 1714 3977 virtuter
1728 3916 1781 3976 liei
1795 3937 1941 3999 uuorpare

498 4019 621 4097 uolebat,
642 4020 899 4101 eignibcatiunem,
922 4037 993 4080 cum
1005 4020 1057 4082 ille
1071 4013 1190 4098 docent,
1206 4039 1283 4100 quae
1298 4019 1336 4080 de
1349 4019 1481 4081 ternario
1494 4027 1525 4080 et
1535 4017 1703 4098 septenario
1719 4036 1844 4079 numeru
1857 4019 1940 4081 dicta
2004 4089 2010 4096 ¹

497 4131 577 4200 runt,
591 4131 656 4183 tom
672 4141 745 4184 vero
762 4122 893 4203 egregiae
902 4123 1006 4186 laudea
1017 4131 1157 4203 arguunt,
1172 4121 1277 4203 quibua
1292 4121 1381 4182 decen
1393 4129 1523 4182 enuetro
1536 4119 1701 4180 extollitur.
1715 4119 1789 4191 666,
1798 4122 1937 4187 {tomeu-

495 4227 589 4304 ταχοῦ
600 4217 704 4288 δεκάδι
715 4221 767 4286 eui
779 4219 853 4307 nuic
867 4223 993 4289 Ῑποινον
1011 4247 1040 4288 ιι.
1055 4247 1105 4308 ορ.
1118 4219 1219 4310 ψόγον
1232 4246 1262 4286 ιι.
1275 4246 1307 4287 ιι.
1325 4219 1417 4305 τιμήν
1436 4245 1464 4286 ιι.
1475 4243 1507 4284 ιι.
1522 4215 1648 4286 κόλασιν
1668 4223 1877 4304 καταχρῆσθαι
1891 4221 1935 4286 de·

361 4387 366 4396 ,
495 4329 601 4390 omnio.
643 4325 748 4407 ltaque
764 4323 852 4386 decue
867 4325 979 4388 dicitur
1004 4330 1062 4404 10,
1083 4333 1134 4394 97.
1166 4325 1190 4409 ἡ
1200 4324 1365 4390 numilem
1387 4329 1474 4403 636,
1489 4329 1520 4390 7.
1541 4323 1674 4398 686,·7·
1700 4321 1783 4383 dm·
1800 4329 1838 4400 2,
1862 4325 1936 4392 186.

496 4431 568 4495 169.
590 4421 723 4508 ἀριθμός
735 4423 861 4505 ι11ειος,
882 4448 1025 4490 numeror
1038 4427 1282 4508 perlectieeimue.
1323 4429 1405 4492 urm.
1422 4433 1460 4498 9,
1481 4424 1555 4496 680.
1571 4431 1645 4496 681.
1674 4423 1796 4504 propri·
1817 4424 1936 4488 divi-

493 4527 557 4590 ni'e
577 4528 793 4610 myrteriir.
835 4529 917 4591 Arm.
931 4537 970 4609 2,
991 4533 1042 4599 52.
1063 4531 1100 4592 ab
1113 4527 1228 4590 unitate
1247 4528 1429 4592 necunde.
1451 4534 1524 4596 907.
1546 4525 1643 4588 tancti
1657 4523 1834 4606 symbulum.
1857 4531 1933 4596 631.

492 4639 612 4712 tenum,
633 4649 726 4711 quae,
746 4651 826 4692 nona
846 4633 992 4694 creationi
1004 4631 1127 4705 relicta,
1148 4631 1201 4693 Dei
1214 4631 1304 4693 verbu
1318 4637 1485 4712 competat,
1506 4626 1790 4692 barmoniaonerum
1803 4629 1932 4692 univer*-

492 4735 589 4796 uitalia
603 4731 780 4814 tymbulum.
801 4736 875 4800 390.
897 4743 1034 4795 canotum
1048 4732 1239 4817 principium.
1266 4734 1344 4809 634,
1366 4734 1417 4800 96.
1445 4733 1595 4812 uonrod'
1614 4753 1642 4793 ιι.
1662 4727 1753 4791 deluo
1767 4721 1931 4811 σύμβολον.

491 4837 572 4916 686,
600 4841 632 4905 8.
667 4829 702 4900 το“
723 4829 918 4916 δικαιοσύνης
936 4841 1092 4917 μνημεῖον.
1123 4855 1152 4898 v.
1165 4841 1219 4903 21.
1248 4835 1371 4900 ποι6ι1ο
1392 4827 1481 4917 dodef-
1509 4835 1590 4909 684,
1613 4835 1662 4900 10.
1678 4831 1729 4896 19·
1744 4831 1795 4896 22
1811 4833 1863 4896 96.
1877 4835 1931 4900 86.

437 4941 441 4950 “
487 4932 585 5014 dede
604 4935 765 5014 illector
784 4959 812 5001 ιι.
826 4930 961 5019 uivere.
975 4931 1108 5012 ιιὶύνιος.
1135 4936 1215 5014 686,
1238 4937 1288 5006 11.
1315 4929 1560 5018 6ιιιᾶ6ορχος
1581 4933 1604 4999 i.
1622 4927 1777 5008 oo‘deioc
1788 4925 1887 5018 λόγος.

1494 5055 1518 5126 d
1651 5071 1655 5082 .
