5248 6332
703 597 757 672 5⁰

610 881 613 890 ,
701 805 843 876 Philone
869 803 957 872 viam
981 807 1184 871 monstrante
1209 795 1368 866 uberrimi
1391 795 1501 866 fontes
1532 794 1567 864 ln
1591 803 1729 888 promtu
1753 805 1829 866 sunt
1856 793 1910 866 hit
1952 794 2098 888 primum
2128 793 2281 866 docmina

702 931 831 1006 Veteris
866 925 1094 1017 Testamenti,
1144 920 1268 992 deinde
1300 906 1517 1015 philosophia
1556 919 1743 1011 orientalis,
1768 919 1944 1015 inprimis
1975 917 2187 991 «ludaeorum
2221 921 2279 996 illc

703 1053 943 1140 Cabbalistica,
969 1061 1040 1120 tum
1065 1045 1282 1142 philosophia
1308 1045 1530 1133 Graecorum,
1554 1045 1589 1112 in
1605 1045 1721 1137 primis
1745 1043 1919 1116 Platonica
1944 1052 1979 1114 et
2003 1042 2137 1134 Stoica,
2159 1054 2284 1140 postea

619 1177 623 1186 ’
701 1179 801 1264 lama,
829 1201 889 1248 ore
914 1199 956 1245 ac
981 1196 1133 1244 sermone
1158 1169 1374 1265 popularium
1397 1169 1531 1258 tradita,
1557 1170 1704 1262 denique
1729 1169 1831 1262 ipsius
1855 1169 2005 1239 Philonis
2030 1169 2201 1264 ingenium
2225 1170 2281 1242 ie·
2311 1253 2314 1262 1

701 1303 908 1384 licissimum
959 1321 1045 1390 quos
1076 1295 1214 1388 quidem
1239 1296 1369 1386 sontes,
1419 1303 1601 1402 postquam
1636 1294 1674 1364 in
1696 1292 1850 1364 doctriua
1888 1291 2074 1364 martanda
2110 1273 2280 1386 longiores

701 1428 840 1514 fuimus,
882 1446 985 1516 quam
1016 1445 1082 1517 pro
1118 1419 1373 1514 exspectationis
1405 1428 1539 1490 nostrae
1563 1442 1604 1488 ac
1629 1419 1860 1512 disputationis
1892 1413 2108 1489 academicae
2131 1415 2282 1506 modulo,
2319 1411 2324 1430 “

700 1574 805 1643 quum
837 1552 875 1618 in
907 1539 1096 1643 praesentia
1127 1542 1361 1616 tantummodo
1398 1543 1628 1616 demonstrare
1658 1545 1780 1634 liceat,
1835 1563 1905 1614 nou
1941 1543 2023 1615 item
2060 1565 2125 1641 per
2157 1541 2283 1618 rivulus

701 1697 818 1744 omnes
846 1671 1047 1758 consectari,
1089 1671 1287 1763 ampliorem
1312 1679 1346 1738 et
1371 1669 1595 1762 copiosiorem
1619 1667 1721 1772 hqjus
1747 1671 1935 1764 argumenti
1960 1670 2192 1742 mactationem
2216 1689 2279 1763 per

700 1807 814 1894 partes
841 1797 987 1891 singulas
1013 1796 1047 1865 in
1072 1795 1162 1864 aliud
1187 1802 1319 1886 tempus
1343 1817 1515 1866 reservare
1541 1795 1704 1889 cogimur.

855 1923 908 1992 Ac
929 1917 1073 2018 primunr
1091 1920 1229 2012 quidem
1251 1940 1385 1988 omnem
1403 1943 1472 1990 non
1495 1918 1600 1989 modo
1626 1939 1765 1988 succum
1790 1939 1833 1988 ao
1857 1917 2064 2012 sanguinem,
2089 1915 2153 1988 sed
2177 1916 2278 1988 etiam
2312 1961 2314 1966 ,

606 2061 638 2106 .‘
702 2048 851 2117 colorem
886 2057 921 2116 et
952 2046 1101 2142 speciem
1137 2043 1265 2139 patriae
1290 2041 1375 2135 legis
1399 2042 1653 2136 patriorumquo
1678 2023 1903 2112 institutorum
1927 2043 2101 2140 theologia
2126 2043 2276 2116 Pnlonts

699 2171 845 2244 dndaica
870 2193 912 2241 ex
935 2193 1059 2265 magna
1083 2179 1182 2262 parte
1206 2191 1290 2262 prae
1316 2189 1353 2236 se
1379 2168 1454 2240 lert
1506 2171 1595 2240 Nam
1620 2165 1717 2260 'quod
1742 2187 1856 2259 mum,
1883 2169 1977 2260 quod
2001 2170 2149 2242 humano
2175 2179 2277 2265 captu

700 2297 926 2392 superiorem,
966 2293 1060 2386 quod
1085 2316 1106 2361 a
1131 2291 1343 2362 similitudine
1366 2291 1541 2365 hominurn
1566 2293 1748 2387 specieque
1772 2303 1957 2384 remotum,
1988 2293 2084 2387 quod
2109 2295 2274 2366 sanctissi-

698 2443 791 2492 mum
807 2431 1028 2512 terrenaeque
1043 2416 1128 2488 labis
1143 2425 1316 2510 expertem
1331 2439 1397 2489 non
1425 2417 1547 2506 modo,
1586 2417 1648 2488 sed
1672 2417 1848 2487 homiuum
1872 2420 1974 2488 etiam
1998 2417 2042 2488 ad
2066 2417 2275 2492 honestatem
2385 2511 2390 2524 μ

698 2570 834 2620 omnem
858 2527 1120 2616 excolendorum
1146 2541 1415 2636 cupidissimum.
1450 2541 1544 2632 quod
1567 2541 1705 2612 fidelem
1731 2565 1771 2610 ac
1795 2525 1932 2629 lidump
1959 2543 2053 2636 quod
2078 2545 2273 2642 benignum,

692 2671 842 2766 justum,
872 2668 1069 2764 providum,
1094 2677 1131 2737 nt
1155 2666 1273 2761 populi
1297 2665 1478 2754 israelitici,
1504 2689 1588 2762 prae
1615 2666 1734 2736 ceteris
1760 2664 1925 2757 adamati,
1950 2667 2126 2741 ductorem
2152 2682 2186 2743 et
2209 2659 2284 2742 au·'

699 2796 844 2889 apicem,
884 2796 931 2864 ita
956 2815 1068 2864 reram
1091 2787 1313 2862 humanarrnh
1339 2786 1488 2860 omnium
1512 2791 1761 2862 moderatorem
1785 2793 1898 2864 Deum
1923 2803 1997 2862 esse
2022 2795 2137 2882 sumit3
2177 2795 2271 2890 qaod

698 2919 859 2989 mundum
885 2919 987 2990 docet
1012 2941 1086 2990 esse
1111 2916 1293 3009 optimum,
1319 2915 1452 3007 licique
1477 2917 1511 2987 vi
1535 2941 1577 2986 ac
1601 2919 1735 2987 numine
1761 2917 1949 3004 conditum,
1980 2917 2186 3014 instructum,
2210 2945 2270 2994 or-

696 3057 829 3132 natum,
862 3039 1074 3128 eundemque
1100 3049 1273 3109 aeternum
1298 3062 1339 3106 ac
1363 3041 1456 3108 nullo
1482 3063 1630 3132 unquam
1658 3051 1813 3133 tempore
1838 3037 2142 3139 intentarum3215)
2175 3047 2296 3141 quod.

670 3179 848 3263 'naturam
877 3166 1073 3250 humanam,
1112 3163 1174 3230 etsi
1204 3162 1410 3232 imbecillam
1438 3165 1602 3236 existimat
1634 3175 1669 3236 et
1701 3185 1743 3234 ex
1776 3165 1866 3234 omni
1896 3175 1993 3260 parte
2018 3189 2039 3236 a
2062 3169 2139 3240 Deo
2170 3171 2268 3243 unice

695 3311 912 3387 carpensem,
950 3295 1065 3355 tamen
1090 3285 1177 3356 adeo
1202 3303 1272 3356 non
1294 3297 1393 3386 putat
1424 3313 1497 3360 esse
1522 3269 1636 3380 nihili,
1677 3299 1715 3359 ut
1738 3313 1850 3382 neque
1874 3290 2025 3386 imaginis
2051 3279 2182 3368 diuinae
2206 3319 2266 3370 ex*

695 3427 846 3514 pentem,
881 3433 1094 3504 aequavero
1121 3411 1298 3500 facultate,
1322 3413 1388 3484 Dei
1413 3437 1481 3508 ope
1506 3423 1542 3483 et
1566 3415 1686 3484 auxilio
1711 3414 1788 3484 Deo
1814 3437 1887 3486 sese
1912 3416 2095 3509 probandi,
2126 3418 2266 3490 destitu-

692 3551 781 3633 tam,
815 3541 968 3636 jndicet3
1012 3535 1105 3626 quod
1129 3561 1230 3608 verae
1255 3537 1437 3630 sapientiae
1461 3538 1551 3606 initia
1577 3547 1611 3606 et
1635 3539 1839 3610 incrementa
1864 3539 1976 3609 omnia
2001 3564 2022 3610 a
2046 3543 2175 3617 sincero
2199 3545 2265 3618 Dei

692 3688 873 3756 rerumque
899 3661 1084 3729 divinarum
1107 3685 1224 3731 amore
1250 3671 1284 3731 et
1307 3662 1453 3732 infucata
1478 3663 1603 3755 pietate
1629 3675 1743 3734 censet
1768 3687 1842 3734 esse
1866 3663 2149 3762 repetenda‚²¹⁰)
2195 3694 2265 3762 qua

692 3789 824 3858 sublata
848 3781 1132 3880 caeremoniarum
1158 3798 1193 3856 et
1217 3787 1453 3857 sacrificiorum
1478 3771 1600 3880 religio
1625 3796 1684 3855 aut
1707 3789 1841 3858 omnino
1867 3790 2019 3883 tollatur,
2053 3805 2109 3863 aut
2133 3794 2261 3890 imper-

692 3915 858 3984 fectorum
894 3921 985 3980 certe
1020 3931 1060 3978 ac
1094 3911 1239 3980 tironum
1264 3911 1445 4005 sapientiae
1472 3933 1544 3981 esse
1569 3909 1737 3982 rideatur:
1777 3913 1812 3982 in
1836 3912 1888 3982 his
1911 3916 2067 3986 omnibns
2092 3940 2194 4010 qnam
2218 3919 2259 4002 ll,

690 4036 900 4106 Testamenti
931 4035 1034 4105 libros
1068 4045 1180 4105 noster
1215 4035 1454 4105 consentientes
1478 4035 1621 4122 habeat,
1663 4035 1699 4104 id
1723 4037 1838 4128 palam
1869 4046 1946 4108 ante
1971 4041 2087 4112 oculos
2114 4044 2259 4114 omniurn

691 4173 757 4252 est,
799 4185 854 4230 res
880 4171 917 4230 ut
943 4161 1223 4231 demonstratione
1255 4170 1368 4230 nostra
1400 4183 1470 4230 non
1503 4169 1612 4254 egeat
1666 4159 1769 4246 Quod
1803 4163 1831 4230 si
1858 4185 1925 4253 qua
1950 4175 2026 4235 sunt
2050 4167 2085 4236 in
2109 4168 2257 4240 Philonia

690 4287 857 4376 doctrina,
898 4308 1042 4378 quorum
1066 4287 1102 4354 in
1126 4285 1216 4356 libris
1251 4285 1351 4356 saeris
1377 4295 1435 4354 aut
1459 4285 1584 4356 semina
1610 4285 1681 4354 sola
1706 4281 2011 4384 reperiantur‚²¹⁷)
2047 4303 2106 4362 aut
2130 4304 2256 4364 tantum

771 4625 830 4710 ¹¹⁸)
853 4641 889 4707 ψ.
904 4629 962 4700 72,
985 4627 1060 4695 sa
1080 4630 1130 4693 ιτ.
1152 4630 1212 4703 aa,
1235 4629 1286 4693 aa.
1311 4625 1386 4701 rot,
1409 4621 1438 4692 ⁶·
1460 4623 1543 4688 nea
1562 4628 1599 4705 ¹,
1624 4627 1653 4692 ⁴·
1676 4626 1715 4690 cf·
1731 4625 1800 4709 Sua
1817 4631 1851 4706 1,
1876 4630 1925 4696 14·

771 4725 829 4812 ἰο)
852 4728 940 4790 ilioh.
957 4733 1018 4798 28,
1038 4733 1092 4796 28.
1114 4725 1244 4808 eiu,
1270 4733 1317 4797 10.
1346 4729 1435 4789 Prot·
1454 4733 1489 4801 12
1511 4732 1543 4794 7·
1570 4731 1609 4805 92
1633 4731 1682 4794 1⁰·
1710 4730 1792 4791 Affl-
1806 4735 1843 4807 2,
1865 4735 1937 4798 ²⁶2·
1977 4731 2039 4793 ⁰⁰⁰
2053 4741 2124 4793 ’ΠΜ
2143 4733 2252 4816 “Plus
2346 4751 2351 4762 “

695 4879 698 4888 ,
809 4834 840 4893 ἱιι
857 4831 966 4912 quibus
981 4831 1127 4910 legislatio
1139 4837 1202 4888 tota
1215 4839 1397 4912 occupatur,
1420 4828 1533 4888 malitia
1548 4839 1578 4890 et
1584 4828 1713 4911 justitia.

771 4931 831 5018 ¹¹⁷)
852 4933 920 4995 lluc
931 4935 1027 4996 resero
1038 4931 1140 5030 primo
1154 4930 1286 4994 Philonis
1301 4932 1467 4994 doctrinam
1484 4929 1521 4990 da
1535 4931 1614 5016 θείῳ
1630 4924 1719 5017 i'o'yp,
1740 4951 1817 5014 quae
1831 4934 1886 4994 etsi
1903 4935 1977 4994 Gen·
1995 4939 2022 5012 l,
2043 4935 2074 5001 S·
2096 4947 2131 5018 ψ.
2145 4938 2247 5018 ΒΜ.
2298 4979 2302 4986 ·
2448 4901 2453 4913 Ι
