<?xml version="1.0" encoding="UTF-8"?>
<!DOCTYPE html PUBLIC "-//W3C//DTD XHTML 1.0 Transitional//EN"
    "http://www.w3.org/TR/xhtml1/DTD/xhtml1-transitional.dtd">
<html xmlns="http://www.w3.org/1999/xhtml" xml:lang="en" lang="en">
 <head>
  <title>
</title>
<meta http-equiv="Content-Type" content="text/html;charset=utf-8" />
  <meta name='ocr-system' content='tesseract 3.04.00' />
  <meta name='ocr-capabilities' content='ocr_page ocr_carea ocr_par ocr_line ocrx_word'/>
</head>
<body>
  <div class='ocr_page' id='page_1' title='image "./quaestionesphil00grosgoog_0142.png"; bbox 0 0 5232 6344; ppageno 0'>
   <div class='ocr_carea' id='block_1_1' title="bbox 289 847 1939 1010">
    <p class='ocr_par' dir='ltr' id='par_1_1' title="bbox 289 847 1939 1010">
     <span class='ocr_line' id='line_1_1' title="bbox 289 847 1939 1010; baseline -0.002 -29"><span class='ocrx_word' id='word_1_1' title='bbox 289 945 294 958; x_wconf 88' lang='lat'><em>-</em></span> <span class='ocrx_word' id='word_1_2' title='bbox 376 863 548 981; x_wconf 59' lang='lat' dir='ltr'><strong>calonem</strong></span> <span class='ocrx_word' id='word_1_3' title='bbox 563 911 598 978; x_wconf 76' lang='lat' dir='ltr'><strong>a</strong></span> <span class='ocrx_word' id='word_1_4' title='bbox 616 851 751 976; x_wconf 66' lang='grc' dir='ltr'><strong>οἷον...</strong></span> <span class='ocrx_word' id='word_1_5' title='bbox 772 847 888 996; x_wconf 65' lang='grc' dir='ltr'><strong>(ιιι,</strong></span> <span class='ocrx_word' id='word_1_6' title='bbox 901 905 962 980; x_wconf 83' lang='grc' dir='ltr'><strong>ιι.</strong></span> <span class='ocrx_word' id='word_1_7' title='bbox 988 855 1075 992; x_wconf 76' lang='grc' dir='ltr'><strong>σοι,</strong></span> <span class='ocrx_word' id='word_1_8' title='bbox 1104 904 1161 978; x_wconf 86' lang='grc' dir='ltr'><strong>ια</strong></span> <span class='ocrx_word' id='word_1_9' title='bbox 1174 902 1263 995; x_wconf 73' lang='lat' dir='ltr'><strong>coc,</strong></span> <span class='ocrx_word' id='word_1_10' title='bbox 1289 906 1332 1010; x_wconf 84' lang='grc' dir='ltr'><strong>τ,</strong></span> <span class='ocrx_word' id='word_1_11' title='bbox 1352 909 1385 980; x_wconf 86' lang='lat' dir='ltr'><strong>s.</strong></span> <span class='ocrx_word' id='word_1_12' title='bbox 1414 905 1741 997; x_wconf 64' lang='lat' dir='ltr'><strong>recremento</strong></span> <span class='ocrx_word' id='word_1_13' title='bbox 1759 849 1939 1006; x_wconf 60' lang='lat' dir='ltr'><strong>conane</strong></span> 
     </span>
    </p>
   </div>
   <div class='ocr_carea' id='block_1_2' title="bbox 360 1027 2088 1128">
    <p class='ocr_par' dir='ltr' id='par_1_2' title="bbox 360 1027 2088 1128">
     <span class='ocr_line' id='line_1_2' title="bbox 360 1027 2088 1128; baseline 0.003 -25"><span class='ocrx_word' id='word_1_14' title='bbox 360 1035 553 1128; x_wconf 68' lang='lat' dir='ltr'><strong>Socratem</strong></span> <span class='ocrx_word' id='word_1_15' title='bbox 577 1030 682 1122; x_wconf 84' lang='grc'><strong>(609,</strong></span> <span class='ocrx_word' id='word_1_16' title='bbox 708 1031 769 1104; x_wconf 83' lang='grc'><strong>07.</strong></span> <span class='ocrx_word' id='word_1_17' title='bbox 796 1034 832 1118; x_wconf 88' lang='grc'><strong>0,</strong></span> <span class='ocrx_word' id='word_1_18' title='bbox 858 1033 947 1118; x_wconf 85' lang='grc'><strong>688,</strong></span> <span class='ocrx_word' id='word_1_19' title='bbox 959 1031 1049 1124; x_wconf 79' lang='grc'><strong>08),</strong></span> <span class='ocrx_word' id='word_1_20' title='bbox 1075 1027 1434 1117; x_wconf 79' lang='lat' dir='ltr'><strong>calanum,1nd0mm</strong></span> <span class='ocrx_word' id='word_1_21' title='bbox 1447 1029 1759 1124; x_wconf 76' lang='lat' dir='ltr'><strong>gymnosophistam</strong></span> <span class='ocrx_word' id='word_1_22' title='bbox 1773 1029 1825 1121; x_wconf 87' lang='grc'><strong>(0,</strong></span> <span class='ocrx_word' id='word_1_23' title='bbox 1850 1031 1939 1120; x_wconf 83' lang='lat'><strong>459,</strong></span> <span class='ocrx_word' id='word_1_24' title='bbox 1960 1087 1965 1095; x_wconf 83' lang='lat'><strong>·</strong></span> <span class='ocrx_word' id='word_1_25' title='bbox 2085 1101 2088 1108; x_wconf 87' lang='lat'><em>.</em></span> 
     </span>
    </p>
   </div>
   <div class='ocr_carea' id='block_1_3' title="bbox 331 1143 1936 1256">
    <p class='ocr_par' dir='ltr' id='par_1_3' title="bbox 331 1143 1936 1256">
     <span class='ocr_line' id='line_1_3' title="bbox 331 1143 1936 1256; baseline 0.002 -34"><span class='ocrx_word' id='word_1_26' title='bbox 331 1209 337 1222; x_wconf 89' lang='lat'>.</span> <span class='ocrx_word' id='word_1_27' title='bbox 376 1155 437 1256; x_wconf 80' lang='grc'><strong>47.</strong></span> <span class='ocrx_word' id='word_1_28' title='bbox 451 1155 520 1246; x_wconf 78' lang='grc' dir='ltr'><strong>σγ.)</strong></span> <span class='ocrx_word' id='word_1_29' title='bbox 545 1153 579 1223; x_wconf 92' lang='lat' dir='ltr'><strong>in</strong></span> <span class='ocrx_word' id='word_1_30' title='bbox 592 1155 747 1248; x_wconf 80' lang='lat' dir='ltr'><strong>exemplo</strong></span> <span class='ocrx_word' id='word_1_31' title='bbox 764 1165 886 1246; x_wconf 85' lang='lat' dir='ltr'><strong>ponat,</strong></span> <span class='ocrx_word' id='word_1_32' title='bbox 910 1155 1100 1244; x_wconf 87' lang='lat' dir='ltr'><strong>multasque</strong></span> <span class='ocrx_word' id='word_1_33' title='bbox 1115 1173 1232 1222; x_wconf 87' lang='lat' dir='ltr'><strong>eorum</strong></span> <span class='ocrx_word' id='word_1_34' title='bbox 1246 1154 1422 1224; x_wconf 89' lang='lat' dir='ltr'><strong>sententias</strong></span> <span class='ocrx_word' id='word_1_35' title='bbox 1439 1143 1676 1224; x_wconf 59' lang='lat' dir='ltr'><strong>neccessitas</strong></span> <span class='ocrx_word' id='word_1_36' title='bbox 1688 1153 1801 1242; x_wconf 66' lang='lat' dir='ltr'><strong>iacnt,</strong></span> <span class='ocrx_word' id='word_1_37' title='bbox 1827 1179 1936 1246; x_wconf 78' lang='lat' dir='ltr'><strong>quan-</strong></span> 
     </span>
    </p>
   </div>
   <div class='ocr_carea' id='block_1_4' title="bbox 374 1273 2231 1382">
    <p class='ocr_par' dir='ltr' id='par_1_4' title="bbox 374 1273 2231 1382">
     <span class='ocr_line' id='line_1_4' title="bbox 374 1273 2231 1382; baseline -0.001 -34"><span class='ocrx_word' id='word_1_38' title='bbox 374 1298 478 1370; x_wconf 88' lang='lat' dir='ltr'><strong>quam</strong></span> <span class='ocrx_word' id='word_1_39' title='bbox 499 1273 682 1356; x_wconf 69' lang='lat' dir='ltr'><strong>ludoicum</strong></span> <span class='ocrx_word' id='word_1_40' title='bbox 705 1278 877 1370; x_wconf 78' lang='lat' dir='ltr'>ingenium</span> <span class='ocrx_word' id='word_1_41' title='bbox 897 1278 1087 1370; x_wconf 83' lang='lat' dir='ltr'><strong>fastumque</strong></span> <span class='ocrx_word' id='word_1_42' title='bbox 1105 1277 1254 1382; x_wconf 91' lang='lat' dir='ltr'><strong>patrium</strong></span> <span class='ocrx_word' id='word_1_43' title='bbox 1274 1285 1309 1356; x_wconf 82' lang='lat' dir='ltr'><strong>ct</strong></span> <span class='ocrx_word' id='word_1_44' title='bbox 1335 1278 1495 1368; x_wconf 81' lang='lat' dir='ltr'>gentilem</span> <span class='ocrx_word' id='word_1_45' title='bbox 1517 1299 1585 1345; x_wconf 90' lang='lat' dir='ltr'><strong>non</strong></span> <span class='ocrx_word' id='word_1_46' title='bbox 1610 1288 1734 1374; x_wconf 68' lang='lat' dir='ltr'><strong>potest¹</strong></span> <span class='ocrx_word' id='word_1_47' title='bbox 1755 1281 1951 1364; x_wconf 71' lang='lat' dir='ltr'><strong>continere·</strong></span> <span class='ocrx_word' id='word_1_48' title='bbox 2073 1295 2079 1312; x_wconf 91' lang='lat'><em>&#39;</em></span> <span class='ocrx_word' id='word_1_49' title='bbox 2227 1292 2231 1301; x_wconf 90' lang='grc'><strong>’</strong></span> 
     </span>
    </p>
   </div>
   <div class='ocr_carea' id='block_1_5' title="bbox 373 1399 1934 1514">
    <p class='ocr_par' dir='ltr' id='par_1_5' title="bbox 373 1399 1934 1514">
     <span class='ocr_line' id='line_1_5' title="bbox 373 1399 1934 1514; baseline -0.002 -42"><span class='ocrx_word' id='word_1_50' title='bbox 373 1404 456 1494; x_wconf 89' lang='lat' dir='ltr'><strong>quin</strong></span> <span class='ocrx_word' id='word_1_51' title='bbox 481 1409 518 1491; x_wconf 85' lang='grc'><strong>0,</strong></span> <span class='ocrx_word' id='word_1_52' title='bbox 543 1408 632 1492; x_wconf 89' lang='grc'><strong>048,</strong></span> <span class='ocrx_word' id='word_1_53' title='bbox 658 1406 719 1477; x_wconf 89' lang='grc'><strong>49.</strong></span> <span class='ocrx_word' id='word_1_54' title='bbox 745 1401 956 1473; x_wconf 66' lang='lat' dir='ltr'><strong>«ludaeorum</strong></span> <span class='ocrx_word' id='word_1_55' title='bbox 970 1411 1117 1499; x_wconf 85' lang='lat' dir='ltr'><strong>peccata</strong></span> <span class='ocrx_word' id='word_1_56' title='bbox 1131 1401 1272 1510; x_wconf 78' lang='lat' dir='ltr'><strong>aliorum</strong></span> <span class='ocrx_word' id='word_1_57' title='bbox 1286 1419 1360 1470; x_wconf 75' lang='lat' dir='ltr'><strong>esse</strong></span> <span class='ocrx_word' id='word_1_58' title='bbox 1376 1399 1620 1498; x_wconf 76' lang='grc' dir='ltr'>κατορθώματα</span> <span class='ocrx_word' id='word_1_59' title='bbox 1635 1399 1864 1505; x_wconf 63' lang='lat' dir='ltr'><strong>Graecoque</strong></span> <span class='ocrx_word' id='word_1_60' title='bbox 1875 1425 1934 1514; x_wconf 80' lang='lat' dir='ltr'><strong>sua</strong></span> 
     </span>
    </p>
   </div>
   <div class='ocr_carea' id='block_1_6' title="bbox 253 1513 2212 1640">
    <p class='ocr_par' dir='ltr' id='par_1_6' title="bbox 253 1513 2212 1640">
     <span class='ocr_line' id='line_1_6' title="bbox 253 1513 2212 1640; baseline -0.013 -39"><span class='ocrx_word' id='word_1_61' title='bbox 253 1513 257 1530; x_wconf 75' lang='grc'><strong><em>’</em></strong></span> <span class='ocrx_word' id='word_1_62' title='bbox 370 1525 465 1630; x_wconf 82' lang='lat' dir='ltr'><strong>Mosi</strong></span> <span class='ocrx_word' id='word_1_63' title='bbox 483 1527 610 1640; x_wconf 88' lang='lat' dir='ltr'><strong>debere</strong></span> <span class='ocrx_word' id='word_1_64' title='bbox 635 1527 740 1619; x_wconf 85' lang='grc'><strong>(608,</strong></span> <span class='ocrx_word' id='word_1_65' title='bbox 766 1530 827 1604; x_wconf 90' lang='grc'><strong>46.</strong></span> <span class='ocrx_word' id='word_1_66' title='bbox 848 1531 884 1612; x_wconf 83' lang='grc'><strong>0,</strong></span> <span class='ocrx_word' id='word_1_67' title='bbox 909 1528 997 1614; x_wconf 88' lang='grc'><strong>454,</strong></span> <span class='ocrx_word' id='word_1_68' title='bbox 1026 1527 1100 1619; x_wconf 89' lang='grc'><strong>5.),</strong></span> <span class='ocrx_word' id='word_1_69' title='bbox 1126 1525 1333 1618; x_wconf 84' lang='lat' dir='ltr'><strong>profiteatur.</strong></span> <span class='ocrx_word' id='word_1_70' title='bbox 1384 1517 1540 1616; x_wconf 80' lang='lat' dir='ltr'><strong>Denique</strong></span> <span class='ocrx_word' id='word_1_71' title='bbox 1558 1547 1619 1594; x_wconf 87' lang='lat' dir='ltr'><strong>cur</strong></span> <span class='ocrx_word' id='word_1_72' title='bbox 1631 1537 1700 1596; x_wconf 86' lang='lat' dir='ltr'><strong>tam</strong></span> <span class='ocrx_word' id='word_1_73' title='bbox 1717 1549 1828 1620; x_wconf 89' lang='lat' dir='ltr'><strong>panca</strong></span> <span class='ocrx_word' id='word_1_74' title='bbox 1844 1537 1932 1594; x_wconf 87' lang='lat' dir='ltr'><strong>tam-</strong></span> <span class='ocrx_word' id='word_1_75' title='bbox 2083 1575 2086 1580; x_wconf 62' lang='lat'><strong>,</strong></span> <span class='ocrx_word' id='word_1_76' title='bbox 2159 1531 2212 1576; x_wconf 93' lang='lat'><strong>·.</strong></span> 
     </span>
    </p>
   </div>
   <div class='ocr_carea' id='block_1_7' title="bbox 371 1649 1933 1762">
    <p class='ocr_par' dir='ltr' id='par_1_7' title="bbox 371 1649 1933 1762">
     <span class='ocr_line' id='line_1_7' title="bbox 371 1649 1933 1762; baseline 0.002 -42"><span class='ocrx_word' id='word_1_77' title='bbox 371 1673 440 1742; x_wconf 89' lang='lat' dir='ltr'><strong>que</strong></span> <span class='ocrx_word' id='word_1_78' title='bbox 458 1673 536 1721; x_wconf 86' lang='lat' dir='ltr'><strong>rara</strong></span> <span class='ocrx_word' id='word_1_79' title='bbox 559 1653 646 1722; x_wconf 89' lang='lat' dir='ltr'><strong>inter</strong></span> <span class='ocrx_word' id='word_1_80' title='bbox 657 1651 798 1746; x_wconf 76' lang='lat' dir='ltr'><strong>gentiles</strong></span> <span class='ocrx_word' id='word_1_81' title='bbox 821 1673 920 1720; x_wconf 85' lang='lat' dir='ltr'><strong>verae</strong></span> <span class='ocrx_word' id='word_1_82' title='bbox 935 1653 1115 1762; x_wconf 85' lang='lat' dir='ltr'><strong>sapientiae</strong></span> <span class='ocrx_word' id='word_1_83' title='bbox 1129 1650 1270 1742; x_wconf 83' lang='lat' dir='ltr'><strong>vestigia</strong></span> <span class='ocrx_word' id='word_1_84' title='bbox 1294 1649 1522 1740; x_wconf 69' lang='lat' dir='ltr'>repedantur,</span> <span class='ocrx_word' id='word_1_85' title='bbox 1534 1691 1536 1696; x_wconf 82' lang='lat'><em>.</em></span> <span class='ocrx_word' id='word_1_86' title='bbox 1548 1667 1653 1740; x_wconf 88' lang='lat' dir='ltr'><strong>quum</strong></span> <span class='ocrx_word' id='word_1_87' title='bbox 1672 1661 1811 1744; x_wconf 79' lang='lat' dir='ltr'><strong>possent</strong></span> <span class='ocrx_word' id='word_1_88' title='bbox 1836 1651 1933 1746; x_wconf 83' lang='grc' dir='ltr'><strong>ἐκφιν-</strong></span> 
     </span>
    </p>
   </div>
   <div class='ocr_carea' id='block_1_8' title="bbox 346 1757 2082 1873">
    <p class='ocr_par' dir='ltr' id='par_1_8' title="bbox 346 1757 2082 1873">
     <span class='ocr_line' id='line_1_8' title="bbox 346 1757 2082 1873; baseline -0.017 -4"><span class='ocrx_word' id='word_1_89' title='bbox 346 1757 707 1873; x_wconf 49' lang='lat' dir='ltr'><strong>&#39;evanescentes</strong></span> <span class='ocrx_word' id='word_1_90' title='bbox 723 1777 755 1849; x_wconf 68' lang='grc' dir='ltr'><strong>ἐν</strong></span> <span class='ocrx_word' id='word_1_91' title='bbox 769 1774 834 1871; x_wconf 73' lang='grc' dir='ltr'><strong>ίλιι</strong></span> <span class='ocrx_word' id='word_1_92' title='bbox 850 1779 1008 1872; x_wconf 55' lang='grc' dir='ltr'><strong>σπινθῆρα</strong></span> <span class='ocrx_word' id='word_1_93' title='bbox 1021 1769 1330 1870; x_wconf 73' lang='grc' dir='ltr'><strong>σννὸνενονσονίαν</strong></span> <span class='ocrx_word' id='word_1_94' title='bbox 1350 1777 1540 1871; x_wconf 66' lang='lat' dir='ltr'><strong>lampeon</strong></span> <span class='ocrx_word' id='word_1_95' title='bbox 1563 1777 1616 1866; x_wconf 82' lang='lat' dir='ltr'><strong>(a,</strong></span> <span class='ocrx_word' id='word_1_96' title='bbox 1634 1775 1720 1864; x_wconf 80' lang='lat'><strong>456,</strong></span> <span class='ocrx_word' id='word_1_97' title='bbox 1735 1774 1825 1866; x_wconf 78' lang='grc' dir='ltr'><strong>να),</strong></span> <span class='ocrx_word' id='word_1_98' title='bbox 1851 1797 1933 1846; x_wconf 75' lang='lat' dir='ltr'><strong>cau-</strong></span> <span class='ocrx_word' id='word_1_99' title='bbox 2080 1772 2082 1781; x_wconf 90' lang='lat'><em>·</em></span> 
     </span>
    </p>
   </div>
   <div class='ocr_carea' id='block_1_9' title="bbox 292 1897 1984 3492">
    <p class='ocr_par' dir='ltr' id='par_1_9' title="bbox 292 1897 1933 2373">
     <span class='ocr_line' id='line_1_9' title="bbox 292 1897 1933 1996; baseline -0.001 -27"><span class='ocrx_word' id='word_1_100' title='bbox 292 1943 303 1962; x_wconf 85' lang='lat'>·</span> <span class='ocrx_word' id='word_1_101' title='bbox 370 1921 444 1996; x_wconf 84' lang='lat' dir='ltr'><strong>eam</strong></span> <span class='ocrx_word' id='word_1_102' title='bbox 458 1901 670 1994; x_wconf 81' lang='lat' dir='ltr'><strong>probabilem</strong></span> <span class='ocrx_word' id='word_1_103' title='bbox 684 1898 904 1989; x_wconf 84' lang='lat' dir='ltr'><strong>hancaffert,</strong></span> <span class='ocrx_word' id='word_1_104' title='bbox 930 1899 1024 1992; x_wconf 87' lang='lat' dir='ltr'><strong>quod</strong></span> <span class='ocrx_word' id='word_1_105' title='bbox 1036 1898 1375 1990; x_wconf 75' lang='lat' dir='ltr'><strong>merfiaesomnoque</strong></span> <span class='ocrx_word' id='word_1_106' title='bbox 1386 1897 1495 1982; x_wconf 34' lang='lat' dir='ltr'><strong>,dediti</strong></span> <span class='ocrx_word' id='word_1_107' title='bbox 1519 1898 1597 1990; x_wconf 86' lang='lat' dir='ltr'><strong>(l&#39;l</strong></span> <span class='ocrx_word' id='word_1_108' title='bbox 1624 1924 1655 1974; x_wconf 88' lang='grc' dir='ltr'><strong>ν.</strong></span> <span class='ocrx_word' id='word_1_109' title='bbox 1682 1899 1736 1994; x_wconf 88' lang='grc'><strong>7.)</strong></span> <span class='ocrx_word' id='word_1_110' title='bbox 1758 1901 1933 1970; x_wconf 88' lang='lat' dir='ltr'><strong>mollitiem</strong></span> 
     </span>
     <span class='ocr_line' id='line_1_10' title="bbox 358 2021 1933 2124; baseline 0.004 -33"><span class='ocrx_word' id='word_1_111' title='bbox 358 2041 472 2120; x_wconf 16' lang='lat' dir='ltr'><strong>Aquam</strong></span> <span class='ocrx_word' id='word_1_112' title='bbox 485 2024 636 2096; x_wconf 85' lang='lat' dir='ltr'><strong>laborem</strong></span> <span class='ocrx_word' id='word_1_113' title='bbox 653 2027 769 2096; x_wconf 86' lang='lat' dir='ltr'><strong>malint</strong></span> <span class='ocrx_word' id='word_1_114' title='bbox 780 2021 895 2118; x_wconf 85' lang='lat' dir='ltr'><strong>itaque</strong></span> <span class='ocrx_word' id='word_1_115' title='bbox 914 2025 1034 2117; x_wconf 89' lang='lat' dir='ltr'><strong>procul</strong></span> <span class='ocrx_word' id='word_1_116' title='bbox 1049 2047 1070 2092; x_wconf 90' lang='lat' dir='ltr'><strong>a</strong></span> <span class='ocrx_word' id='word_1_117' title='bbox 1085 2025 1173 2094; x_wconf 84' lang='lat' dir='ltr'><strong>vitae</strong></span> <span class='ocrx_word' id='word_1_118' title='bbox 1188 2045 1387 2114; x_wconf 88' lang='lat' dir='ltr'><strong>morumque</strong></span> <span class='ocrx_word' id='word_1_119' title='bbox 1401 2024 1573 2093; x_wconf 76' lang='lat' dir='ltr'><strong>sanctitate</strong></span> <span class='ocrx_word' id='word_1_120' title='bbox 1593 2025 1711 2124; x_wconf 86' lang='lat' dir='ltr'><strong>absint,</strong></span> <span class='ocrx_word' id='word_1_121' title='bbox 1736 2023 1789 2100; x_wconf 75' lang='lat' dir='ltr'><strong>irc</strong></span> <span class='ocrx_word' id='word_1_122' title='bbox 1813 2027 1845 2098; x_wconf 81' lang='grc' dir='ltr'><strong>ἐν</strong></span> <span class='ocrx_word' id='word_1_123' title='bbox 1864 2032 1933 2110; x_wconf 81' lang='grc' dir='ltr'><strong>τοίς</strong></span> 
     </span>
     <span class='ocr_line' id='line_1_11' title="bbox 368 2131 1931 2246; baseline 0.001 -26"><span class='ocrx_word' id='word_1_124' title='bbox 368 2151 500 2234; x_wconf 89' lang='grc' dir='ltr'><strong>τοολλοῖς</strong></span> <span class='ocrx_word' id='word_1_125' title='bbox 514 2175 545 2222; x_wconf 92' lang='grc' dir='ltr'><strong>τ.</strong></span> <span class='ocrx_word' id='word_1_126' title='bbox 562 2153 587 2224; x_wconf 74' lang='grc' dir='ltr'>ἐ</span> <span class='ocrx_word' id='word_1_127' title='bbox 603 2145 673 2238; x_wconf 79' lang='grc' dir='ltr'><strong>’τοῖς</strong></span> <span class='ocrx_word' id='word_1_128' title='bbox 686 2131 795 2224; x_wconf 77' lang='grc' dir='ltr'><strong>πολλοὶ</strong></span> <span class='ocrx_word' id='word_1_129' title='bbox 807 2175 838 2222; x_wconf 90' lang='grc' dir='ltr'><strong>τ.</strong></span> <span class='ocrx_word' id='word_1_130' title='bbox 856 2150 927 2243; x_wconf 82' lang='grc' dir='ltr'><strong>βίοι</strong></span> <span class='ocrx_word' id='word_1_131' title='bbox 944 2153 1025 2242; x_wconf 79' lang='grc' dir='ltr'><strong>τέλη</strong></span> <span class='ocrx_word' id='word_1_132' title='bbox 1038 2153 1288 2246; x_wconf 75' lang='grc' dir='ltr'><strong>προτεθειμένοις</strong></span> <span class='ocrx_word' id='word_1_133' title='bbox 1300 2145 1337 2224; x_wconf 88' lang='grc' dir='ltr'><strong>ον’</strong></span> <span class='ocrx_word' id='word_1_134' title='bbox 1352 2152 1532 2243; x_wconf 74' lang='grc' dir='ltr'><strong>καταμένει</strong></span> <span class='ocrx_word' id='word_1_135' title='bbox 1551 2146 1589 2224; x_wconf 85' lang='grc' dir='ltr'><strong>τὸ</strong></span> <span class='ocrx_word' id='word_1_136' title='bbox 1605 2155 1684 2224; x_wconf 81' lang='grc' dir='ltr'><strong>θεῖον</strong></span> <span class='ocrx_word' id='word_1_137' title='bbox 1704 2157 1844 2246; x_wconf 77' lang='grc' dir='ltr'><strong>ττνεῦγια,</strong></span> <span class='ocrx_word' id='word_1_138' title='bbox 1866 2147 1931 2246; x_wconf 79' lang='grc' dir='ltr'><strong>κφίν</strong></span> 
     </span>
     <span class='ocr_line' id='line_1_12' title="bbox 367 2255 1628 2373; baseline 0.01 -29"><span class='ocrx_word' id='word_1_139' title='bbox 367 2269 452 2368; x_wconf 80' lang='grc' dir='ltr'><strong>πρὸς</strong></span> <span class='ocrx_word' id='word_1_140' title='bbox 464 2266 572 2368; x_wconf 83' lang='grc' dir='ltr'><strong>ὀλίγον</strong></span> <span class='ocrx_word' id='word_1_141' title='bbox 589 2269 701 2371; x_wconf 76' lang='grc' dir='ltr'><strong>χρόνον</strong></span> <span class='ocrx_word' id='word_1_142' title='bbox 715 2271 920 2373; x_wconf 71' lang='grc' dir='ltr'><strong>ἀναστραφῇ</strong></span> <span class='ocrx_word' id='word_1_143' title='bbox 945 2255 1049 2366; x_wconf 89' lang='grc'><strong>(070,</strong></span> <span class='ocrx_word' id='word_1_144' title='bbox 1074 2271 1137 2368; x_wconf 88' lang='grc'><strong>5.).</strong></span> <span class='ocrx_word' id='word_1_145' title='bbox 1620 2345 1628 2356; x_wconf 89' lang='grc'><strong>.</strong></span> 
     </span>
    </p>

    <p class='ocr_par' dir='ltr' id='par_1_10' title="bbox 332 2397 1984 3492">
     <span class='ocr_line' id='line_1_13' title="bbox 522 2397 1929 2494; baseline -0.001 -28"><span class='ocrx_word' id='word_1_146' title='bbox 522 2397 659 2488; x_wconf 85' lang='lat' dir='ltr'><strong>Restat,</strong></span> <span class='ocrx_word' id='word_1_147' title='bbox 685 2411 722 2470; x_wconf 88' lang='lat' dir='ltr'><strong>ut</strong></span> <span class='ocrx_word' id='word_1_148' title='bbox 744 2401 789 2470; x_wconf 91' lang='lat' dir='ltr'><strong>de</strong></span> <span class='ocrx_word' id='word_1_149' title='bbox 817 2399 1017 2494; x_wconf 83' lang='lat' dir='ltr'><strong>pervulgata</strong></span> <span class='ocrx_word' id='word_1_150' title='bbox 1039 2401 1096 2468; x_wconf 85' lang='lat' dir='ltr'><strong>illa</strong></span> <span class='ocrx_word' id='word_1_151' title='bbox 1120 2408 1154 2468; x_wconf 91' lang='lat' dir='ltr'><strong>ct</strong></span> <span class='ocrx_word' id='word_1_152' title='bbox 1176 2399 1351 2468; x_wconf 85' lang='lat' dir='ltr'><strong>decantata</strong></span> <span class='ocrx_word' id='word_1_153' title='bbox 1374 2400 1572 2491; x_wconf 77' lang='lat' dir='ltr'><strong>synonymia</strong></span> <span class='ocrx_word' id='word_1_154' title='bbox 1603 2403 1760 2493; x_wconf 84' lang='grc' dir='ltr'><strong>σοφίας</strong></span> <span class='ocrx_word' id='word_1_155' title='bbox 1778 2405 1867 2472; x_wconf 74' lang='grc' dir='ltr'><strong>θεοῦ</strong></span> <span class='ocrx_word' id='word_1_156' title='bbox 1895 2409 1929 2466; x_wconf 85' lang='lat' dir='ltr'><strong>et</strong></span> 
     </span>
     <span class='ocr_line' id='line_1_14' title="bbox 367 2519 1927 2620; baseline -0.002 -26"><span class='ocrx_word' id='word_1_157' title='bbox 367 2519 493 2615; x_wconf 77' lang='grc' dir='ltr'><strong>λόγον</strong></span> <span class='ocrx_word' id='word_1_158' title='bbox 519 2525 664 2614; x_wconf 75' lang='lat' dir='ltr'><strong>telon,</strong></span> <span class='ocrx_word' id='word_1_159' title='bbox 687 2539 788 2616; x_wconf 83' lang='lat' dir='ltr'><strong>quam</strong></span> <span class='ocrx_word' id='word_1_160' title='bbox 816 2527 894 2619; x_wconf 86' lang='lat' dir='ltr'><strong>plue</strong></span> <span class='ocrx_word' id='word_1_161' title='bbox 924 2548 989 2595; x_wconf 89' lang='lat' dir='ltr'><strong>una</strong></span> <span class='ocrx_word' id='word_1_162' title='bbox 1020 2525 1094 2594; x_wconf 79' lang='lat' dir='ltr'><strong>vice</strong></span> <span class='ocrx_word' id='word_1_163' title='bbox 1117 2522 1194 2616; x_wconf 82' lang='lat' dir='ltr'><strong>jam</strong></span> <span class='ocrx_word' id='word_1_164' title='bbox 1224 2523 1491 2620; x_wconf 78' lang='lat' dir='ltr'><strong>significavimus,</strong></span> <span class='ocrx_word' id='word_1_165' title='bbox 1535 2526 1681 2618; x_wconf 90' lang='lat' dir='ltr'><strong>paucula</strong></span> <span class='ocrx_word' id='word_1_166' title='bbox 1704 2525 1927 2618; x_wconf 80' lang='lat' dir='ltr'><strong>subjiciamus.</strong></span> 
     </span>
     <span class='ocr_line' id='line_1_15' title="bbox 369 2633 1929 2742; baseline -0.001 -24"><span class='ocrx_word' id='word_1_167' title='bbox 369 2645 441 2718; x_wconf 84' lang='lat' dir='ltr'><strong>Res</strong></span> <span class='ocrx_word' id='word_1_168' title='bbox 459 2671 539 2718; x_wconf 88' lang='lat' dir='ltr'><strong>sane</strong></span> <span class='ocrx_word' id='word_1_169' title='bbox 558 2659 651 2719; x_wconf 86' lang='lat' dir='ltr'><strong>recte</strong></span> <span class='ocrx_word' id='word_1_170' title='bbox 678 2649 783 2720; x_wconf 89' lang='lat' dir='ltr'><strong>habet</strong></span> <span class='ocrx_word' id='word_1_171' title='bbox 815 2660 933 2742; x_wconf 88' lang='lat' dir='ltr'><strong>estque</strong></span> <span class='ocrx_word' id='word_1_172' title='bbox 961 2673 1003 2720; x_wconf 86' lang='lat' dir='ltr'><strong>ea</strong></span> <span class='ocrx_word' id='word_1_173' title='bbox 1032 2649 1228 2742; x_wconf 77' lang='lat' dir='ltr'><strong>synonymia</strong></span> <span class='ocrx_word' id='word_1_174' title='bbox 1250 2648 1342 2717; x_wconf 90' lang='lat' dir='ltr'><strong>baud</strong></span> <span class='ocrx_word' id='word_1_175' title='bbox 1364 2650 1461 2742; x_wconf 84' lang='lat' dir='ltr'><strong>parvi</strong></span> <span class='ocrx_word' id='word_1_176' title='bbox 1485 2633 1704 2734; x_wconf 85' lang='lat' dir='ltr'><strong>aestirnanda3</strong></span> <span class='ocrx_word' id='word_1_177' title='bbox 1737 2649 1799 2720; x_wconf 87' lang='lat' dir='ltr'><strong>scd</strong></span> <span class='ocrx_word' id='word_1_178' title='bbox 1826 2649 1929 2741; x_wconf 85' lang='lat' dir='ltr'><strong>longe</strong></span> 
     </span>
     <span class='ocr_line' id='line_1_16' title="bbox 366 2770 1930 2868; baseline -0.001 -26"><span class='ocrx_word' id='word_1_179' title='bbox 366 2771 438 2842; x_wconf 80' lang='lat' dir='ltr'><strong>eliis</strong></span> <span class='ocrx_word' id='word_1_180' title='bbox 454 2770 498 2840; x_wconf 92' lang='lat' dir='ltr'><strong>de</strong></span> <span class='ocrx_word' id='word_1_181' title='bbox 516 2775 622 2843; x_wconf 73' lang='lat' dir='ltr'><strong>musis</strong></span> <span class='ocrx_word' id='word_1_182' title='bbox 639 2775 781 2865; x_wconf 88' lang='lat' dir='ltr'><strong>scilicet,</strong></span> <span class='ocrx_word' id='word_1_183' title='bbox 807 2797 909 2867; x_wconf 87' lang='lat' dir='ltr'><strong>quam</strong></span> <span class='ocrx_word' id='word_1_184' title='bbox 924 2797 1012 2866; x_wconf 67' lang='lat' dir='ltr'><strong>quae</strong></span> <span class='ocrx_word' id='word_1_185' title='bbox 1031 2775 1136 2868; x_wconf 82' lang='lat' dir='ltr'><strong>vulgo</strong></span> <span class='ocrx_word' id='word_1_186' title='bbox 1156 2773 1420 2867; x_wconf 86' lang='lat' dir='ltr'><strong>protenduntur,</strong></span> <span class='ocrx_word' id='word_1_187' title='bbox 1455 2773 1500 2843; x_wconf 90' lang='lat' dir='ltr'><strong>de</strong></span> <span class='ocrx_word' id='word_1_188' title='bbox 1529 2775 1648 2865; x_wconf 90' lang='lat' dir='ltr'><strong>quibus</strong></span> <span class='ocrx_word' id='word_1_189' title='bbox 1674 2775 1740 2848; x_wconf 90' lang='lat' dir='ltr'><strong>alio</strong></span> <span class='ocrx_word' id='word_1_190' title='bbox 1766 2774 1843 2844; x_wconf 89' lang='lat' dir='ltr'><strong>loco</strong></span> <span class='ocrx_word' id='word_1_191' title='bbox 1868 2796 1930 2842; x_wconf 81' lang='lat' dir='ltr'><strong>cx·</strong></span> 
     </span>
     <span class='ocr_line' id='line_1_17' title="bbox 332 2882 1929 3002; baseline 0 -34"><span class='ocrx_word' id='word_1_192' title='bbox 332 2987 337 3000; x_wconf 34' lang='grc' dir='ltr'><strong><em>Ι</em></strong></span> <span class='ocrx_word' id='word_1_193' title='bbox 365 2908 520 2992; x_wconf 80' lang='lat' dir='ltr'><strong>ponetur.</strong></span> <span class='ocrx_word' id='word_1_194' title='bbox 571 2899 728 3002; x_wconf 88' lang='lat' dir='ltr'><strong>Namque</strong></span> <span class='ocrx_word' id='word_1_195' title='bbox 747 2900 826 2970; x_wconf 87' lang='lat' dir='ltr'><strong>licet</strong></span> <span class='ocrx_word' id='word_1_196' title='bbox 850 2901 991 2997; x_wconf 88' lang='grc' dir='ltr'><strong>σοφία</strong></span> <span class='ocrx_word' id='word_1_197' title='bbox 1013 2900 1122 2994; x_wconf 81' lang='lat' dir='ltr'><strong>majus</strong></span> <span class='ocrx_word' id='word_1_198' title='bbox 1138 2899 1300 2990; x_wconf 79' lang='lat' dir='ltr'><strong>quiddam</strong></span> <span class='ocrx_word' id='word_1_199' title='bbox 1320 2909 1354 2988; x_wconf 85' lang='lat' dir='ltr'><strong>et</strong></span> <span class='ocrx_word' id='word_1_200' title='bbox 1367 2900 1539 2992; x_wconf 78' lang='lat' dir='ltr'><strong>angustius</strong></span> <span class='ocrx_word' id='word_1_201' title='bbox 1563 2909 1660 2970; x_wconf 87' lang='lat' dir='ltr'><strong>sonet</strong></span> <span class='ocrx_word' id='word_1_202' title='bbox 1677 2921 1779 2991; x_wconf 88' lang='lat' dir='ltr'><strong>qnam</strong></span> <span class='ocrx_word' id='word_1_203' title='bbox 1796 2882 1929 2991; x_wconf 79' lang='grc' dir='ltr'><strong>λόγος</strong></span> 
     </span>
     <span class='ocr_line' id='line_1_18' title="bbox 366 3015 1984 3122; baseline -0.002 -28"><span class='ocrx_word' id='word_1_204' title='bbox 366 3023 474 3113; x_wconf 74' lang='lat' dir='ltr'><strong>sitque</strong></span> <span class='ocrx_word' id='word_1_205' title='bbox 485 3022 619 3094; x_wconf 68' lang='lat' dir='ltr'><strong>habiens</strong></span> <span class='ocrx_word' id='word_1_206' title='bbox 636 3023 734 3115; x_wconf 80' lang='grc' dir='ltr'><strong>(ἕξις)</strong></span> <span class='ocrx_word' id='word_1_207' title='bbox 760 3026 879 3104; x_wconf 89' lang='lat' dir='ltr'><strong>mentis</strong></span> <span class='ocrx_word' id='word_1_208' title='bbox 900 3025 1014 3118; x_wconf 84' lang='lat' dir='ltr'><strong>potius</strong></span> <span class='ocrx_word' id='word_1_209' title='bbox 1038 3047 1140 3117; x_wconf 86' lang='lat' dir='ltr'><strong>qnam</strong></span> <span class='ocrx_word' id='word_1_210' title='bbox 1160 3024 1209 3092; x_wconf 87' lang='lat' dir='ltr'><strong>vis</strong></span> <span class='ocrx_word' id='word_1_211' title='bbox 1230 3033 1267 3122; x_wconf 79' lang='lat' dir='ltr'><strong>et</strong></span> <span class='ocrx_word' id='word_1_212' title='bbox 1290 3023 1430 3093; x_wconf 84' lang='lat' dir='ltr'><strong>facultas</strong></span> <span class='ocrx_word' id='word_1_213' title='bbox 1454 3015 1629 3118; x_wconf 80' lang='lat' dir='ltr'><strong>magisque</strong></span> <span class='ocrx_word' id='word_1_214' title='bbox 1654 3023 1776 3094; x_wconf 87' lang='lat' dir='ltr'><strong>adres</strong></span> <span class='ocrx_word' id='word_1_215' title='bbox 1801 3023 1926 3092; x_wconf 70' lang='lat' dir='ltr'><strong>divium</strong></span> <span class='ocrx_word' id='word_1_216' title='bbox 1973 3081 1984 3110; x_wconf 83' lang='grc'><strong>,</strong></span> 
     </span>
     <span class='ocr_line' id='line_1_19' title="bbox 366 3129 1928 3242; baseline 0 -26"><span class='ocrx_word' id='word_1_217' title='bbox 366 3129 439 3216; x_wconf 78' lang='lat' dir='ltr'><strong>ula</strong></span> <span class='ocrx_word' id='word_1_218' title='bbox 464 3148 558 3240; x_wconf 80' lang='lat' dir='ltr'><strong>vulgi</strong></span> <span class='ocrx_word' id='word_1_219' title='bbox 572 3169 670 3226; x_wconf 81' lang='lat' dir='ltr'><strong>sensu</strong></span> <span class='ocrx_word' id='word_1_220' title='bbox 690 3159 833 3220; x_wconf 84' lang='lat' dir='ltr'><strong>remotas</strong></span> <span class='ocrx_word' id='word_1_221' title='bbox 850 3150 1033 3242; x_wconf 82' lang='lat' dir='ltr'><strong>pertineat,</strong></span> <span class='ocrx_word' id='word_1_222' title='bbox 1059 3173 1160 3241; x_wconf 90' lang='lat' dir='ltr'><strong>quam</strong></span> <span class='ocrx_word' id='word_1_223' title='bbox 1173 3149 1218 3218; x_wconf 91' lang='lat' dir='ltr'><strong>ad</strong></span> <span class='ocrx_word' id='word_1_224' title='bbox 1232 3148 1394 3221; x_wconf 83' lang='lat' dir='ltr'><strong>humanas</strong></span> <span class='ocrx_word' id='word_1_225' title='bbox 1417 3171 1472 3218; x_wconf 88' lang='lat' dir='ltr'><strong>res</strong></span> <span class='ocrx_word' id='word_1_226' title='bbox 1488 3159 1523 3218; x_wconf 91' lang='lat' dir='ltr'><strong>et</strong></span> <span class='ocrx_word' id='word_1_227' title='bbox 1543 3151 1576 3220; x_wconf 90' lang='lat' dir='ltr'><strong>in</strong></span> <span class='ocrx_word' id='word_1_228' title='bbox 1597 3151 1664 3220; x_wconf 84' lang='lat' dir='ltr'><strong>vita</strong></span> <span class='ocrx_word' id='word_1_229' title='bbox 1686 3147 1853 3218; x_wconf 87' lang='lat' dir='ltr'><strong>communi</strong></span> <span class='ocrx_word' id='word_1_230' title='bbox 1874 3147 1928 3216; x_wconf 86' lang='lat' dir='ltr'><strong>lo·</strong></span> 
     </span>
     <span class='ocr_line' id='line_1_20' title="bbox 363 3256 1928 3368; baseline 0 -28"><span class='ocrx_word' id='word_1_231' title='bbox 363 3263 488 3340; x_wconf 75' lang='lat' dir='ltr'><strong>nissimi</strong></span> <span class='ocrx_word' id='word_1_232' title='bbox 519 3271 682 3364; x_wconf 88' lang='lat' dir='ltr'><strong>cujusque</strong></span> <span class='ocrx_word' id='word_1_233' title='bbox 710 3271 852 3343; x_wconf 84' lang='lat' dir='ltr'><strong>hominis</strong></span> <span class='ocrx_word' id='word_1_234' title='bbox 876 3256 1083 3344; x_wconf 85' lang='lat' dir='ltr'><strong>sermonibus</strong></span> <span class='ocrx_word' id='word_1_235' title='bbox 1108 3283 1143 3343; x_wconf 86' lang='lat' dir='ltr'><strong>et</strong></span> <span class='ocrx_word' id='word_1_236' title='bbox 1170 3273 1447 3368; x_wconf 86' lang='lat' dir='ltr'><strong>disputationibus</strong></span> <span class='ocrx_word' id='word_1_237' title='bbox 1472 3275 1655 3366; x_wconf 82' lang='lat' dir='ltr'><strong>expositas,</strong></span> <span class='ocrx_word' id='word_1_238' title='bbox 1687 3283 1789 3364; x_wconf 89' lang='lat' dir='ltr'><strong>atque</strong></span> <span class='ocrx_word' id='word_1_239' title='bbox 1809 3283 1847 3342; x_wconf 86' lang='lat' dir='ltr'><strong>ut</strong></span> <span class='ocrx_word' id='word_1_240' title='bbox 1873 3267 1928 3340; x_wconf 85' lang='lat' dir='ltr'><strong>vel</strong></span> 
     </span>
     <span class='ocr_line' id='line_1_21' title="bbox 363 3370 1926 3492; baseline 0 -28"><span class='ocrx_word' id='word_1_241' title='bbox 363 3393 447 3464; x_wconf 86' lang='lat' dir='ltr'><strong>illud</strong></span> <span class='ocrx_word' id='word_1_242' title='bbox 461 3395 693 3484; x_wconf 78' lang='lat' dir='ltr'><strong>concedamus,</strong></span> <span class='ocrx_word' id='word_1_243' title='bbox 710 3397 804 3487; x_wconf 90' lang='lat' dir='ltr'><strong>quod</strong></span> <span class='ocrx_word' id='word_1_244' title='bbox 816 3392 942 3491; x_wconf 79' lang='lat' dir='ltr'><strong>negare</strong></span> <span class='ocrx_word' id='word_1_245' title='bbox 957 3414 1056 3467; x_wconf 88' lang='lat' dir='ltr'><strong>nemo</strong></span> <span class='ocrx_word' id='word_1_246' title='bbox 1077 3408 1199 3490; x_wconf 84' lang='lat' dir='ltr'><strong>potest,</strong></span> <span class='ocrx_word' id='word_1_247' title='bbox 1213 3409 1365 3468; x_wconf 88' lang='lat' dir='ltr'><strong>nostrum</strong></span> <span class='ocrx_word' id='word_1_248' title='bbox 1383 3370 1494 3492; x_wconf 85' lang='lat' dir='ltr'><strong>ipsunr</strong></span> <span class='ocrx_word' id='word_1_249' title='bbox 1510 3399 1573 3468; x_wconf 90' lang='lat' dir='ltr'><strong>sibi</strong></span> <span class='ocrx_word' id='word_1_250' title='bbox 1593 3397 1637 3466; x_wconf 88' lang='lat' dir='ltr'><strong>de</strong></span> <span class='ocrx_word' id='word_1_251' title='bbox 1649 3397 1820 3486; x_wconf 84' lang='lat' dir='ltr'><strong>utriusque</strong></span> <span class='ocrx_word' id='word_1_252' title='bbox 1833 3393 1926 3464; x_wconf 83' lang='lat' dir='ltr'><strong>fonte</strong></span> 
     </span>
    </p>
   </div>
   <div class='ocr_carea' id='block_1_10' title="bbox 204 3507 1928 3618">
    <p class='ocr_par' dir='ltr' id='par_1_11' title="bbox 204 3507 1928 3618">
     <span class='ocr_line' id='line_1_22' title="bbox 204 3507 1928 3618; baseline 0.002 -30"><span class='ocrx_word' id='word_1_253' title='bbox 204 3602 208 3618; x_wconf 42' lang='grc' dir='ltr'>Ι</span> <span class='ocrx_word' id='word_1_254' title='bbox 364 3528 400 3590; x_wconf 91' lang='lat' dir='ltr'><strong>et</strong></span> <span class='ocrx_word' id='word_1_255' title='bbox 418 3520 547 3612; x_wconf 80' lang='lat' dir='ltr'><strong>origine</strong></span> <span class='ocrx_word' id='word_1_256' title='bbox 564 3507 633 3591; x_wconf 86' lang='lat' dir='ltr'><strong>non</strong></span> <span class='ocrx_word' id='word_1_257' title='bbox 658 3521 735 3591; x_wconf 82' lang='lat' dir='ltr'><strong>satis</strong></span> <span class='ocrx_word' id='word_1_258' title='bbox 751 3533 921 3613; x_wconf 85' lang='lat' dir='ltr'><strong>constare,</strong></span> <span class='ocrx_word' id='word_1_259' title='bbox 936 3544 1082 3613; x_wconf 83' lang='lat' dir='ltr'><strong>moxque</strong></span> <span class='ocrx_word' id='word_1_260' title='bbox 1098 3522 1186 3614; x_wconf 88' lang='grc'><strong>560,</strong></span> <span class='ocrx_word' id='word_1_261' title='bbox 1213 3527 1273 3598; x_wconf 88' lang='grc'><strong>80.</strong></span> <span class='ocrx_word' id='word_1_262' title='bbox 1301 3525 1388 3614; x_wconf 89' lang='grc'><strong>566,</strong></span> <span class='ocrx_word' id='word_1_263' title='bbox 1417 3527 1475 3597; x_wconf 89' lang='grc'><strong>10.</strong></span> <span class='ocrx_word' id='word_1_264' title='bbox 1501 3521 1594 3617; x_wconf 78' lang='grc' dir='ltr'><strong>λόγον</strong></span> <span class='ocrx_word' id='word_1_265' title='bbox 1619 3525 1698 3592; x_wconf 81' lang='grc' dir='ltr'><strong>Θείαν</strong></span> <span class='ocrx_word' id='word_1_266' title='bbox 1724 3521 1842 3616; x_wconf 79' lang='grc' dir='ltr'><strong>σοφίας</strong></span> <span class='ocrx_word' id='word_1_267' title='bbox 1863 3543 1928 3608; x_wconf 73' lang='grc' dir='ltr'><strong>στιγ-</strong></span> 
     </span>
    </p>
   </div>
   <div class='ocr_carea' id='block_1_11' title="bbox 358 3640 1988 4367">
    <p class='ocr_par' dir='ltr' id='par_1_12' title="bbox 358 3640 1988 4367">
     <span class='ocr_line' id='line_1_23' title="bbox 361 3640 1929 3743; baseline -0.003 -29"><span class='ocrx_word' id='word_1_268' title='bbox 361 3640 426 3740; x_wconf 74' lang='grc' dir='ltr'><strong>γήν</strong></span> <span class='ocrx_word' id='word_1_269' title='bbox 451 3643 581 3736; x_wconf 88' lang='lat' dir='ltr'><strong>dicere,</strong></span> <span class='ocrx_word' id='word_1_270' title='bbox 600 3667 680 3716; x_wconf 85' lang='lat' dir='ltr'><strong>mox</strong></span> <span class='ocrx_word' id='word_1_271' title='bbox 704 3647 797 3734; x_wconf 91' lang='grc'><strong>690,</strong></span> <span class='ocrx_word' id='word_1_272' title='bbox 834 3651 895 3718; x_wconf 88' lang='lat'><strong>41.</strong></span> <span class='ocrx_word' id='word_1_273' title='bbox 921 3647 1040 3743; x_wconf 88' lang='grc' dir='ltr'><strong>σοφίαν</strong></span> <span class='ocrx_word' id='word_1_274' title='bbox 1064 3643 1173 3743; x_wconf 75' lang='grc' dir='ltr'><strong>λόγον,</strong></span> <span class='ocrx_word' id='word_1_275' title='bbox 1195 3657 1308 3716; x_wconf 88' lang='lat' dir='ltr'><strong>tamen</strong></span> <span class='ocrx_word' id='word_1_276' title='bbox 1327 3657 1439 3718; x_wconf 87' lang='lat' dir='ltr'><strong>manet</strong></span> <span class='ocrx_word' id='word_1_277' title='bbox 1461 3647 1560 3735; x_wconf 85' lang='lat' dir='ltr'><strong>illud,</strong></span> <span class='ocrx_word' id='word_1_278' title='bbox 1592 3647 1752 3742; x_wconf 79' lang='grc' dir='ltr'><strong>σοφίαν</strong></span> <span class='ocrx_word' id='word_1_279' title='bbox 1778 3646 1868 3718; x_wconf 79' lang='grc' dir='ltr'><strong>θεοῦ</strong></span> <span class='ocrx_word' id='word_1_280' title='bbox 1894 3651 1929 3710; x_wconf 88' lang='lat' dir='ltr'><strong>et</strong></span> 
     </span>
     <span class='ocr_line' id='line_1_24' title="bbox 362 3747 1988 3863; baseline 0.002 -21"><span class='ocrx_word' id='word_1_281' title='bbox 362 3747 487 3863; x_wconf 79' lang='grc' dir='ltr'><strong>λόγον</strong></span> <span class='ocrx_word' id='word_1_282' title='bbox 512 3773 641 3860; x_wconf 80' lang='grc' dir='ltr'><strong>θεῖον,</strong></span> <span class='ocrx_word' id='word_1_283' title='bbox 675 3770 780 3842; x_wconf 84' lang='lat' dir='ltr'><strong>nostri</strong></span> <span class='ocrx_word' id='word_1_284' title='bbox 788 3766 938 3860; x_wconf 85' lang='lat' dir='ltr'><strong>judicio,</strong></span> <span class='ocrx_word' id='word_1_285' title='bbox 966 3793 1083 3841; x_wconf 82' lang='lat' dir='ltr'><strong>revera</strong></span> <span class='ocrx_word' id='word_1_286' title='bbox 1099 3773 1181 3842; x_wconf 87' lang='lat' dir='ltr'><strong>nibil</strong></span> <span class='ocrx_word' id='word_1_287' title='bbox 1203 3773 1355 3843; x_wconf 76' lang='lat' dir='ltr'><strong>differre</strong></span> <span class='ocrx_word' id='word_1_288' title='bbox 1405 3773 1526 3862; x_wconf 87' lang='lat' dir='ltr'><strong>Neque</strong></span> <span class='ocrx_word' id='word_1_289' title='bbox 1544 3773 1630 3842; x_wconf 86' lang='lat' dir='ltr'><strong>eninr</strong></span> <span class='ocrx_word' id='word_1_290' title='bbox 1654 3781 1782 3840; x_wconf 87' lang='lat' dir='ltr'><strong>tanturn</strong></span> <span class='ocrx_word' id='word_1_291' title='bbox 1799 3769 1928 3845; x_wconf 68' lang='lat' dir='ltr'><strong>dennis</strong></span> <span class='ocrx_word' id='word_1_292' title='bbox 1976 3755 1988 3786; x_wconf 80' lang='lat'>&#39;</span> 
     </span>
     <span class='ocr_line' id='line_1_25' title="bbox 362 3891 1929 3994; baseline 0.004 -34"><span class='ocrx_word' id='word_1_293' title='bbox 362 3894 479 3962; x_wconf 82' lang='lat' dir='ltr'><strong>serbis</strong></span> <span class='ocrx_word' id='word_1_294' title='bbox 496 3894 533 3962; x_wconf 88' lang='lat' dir='ltr'><strong>id</strong></span> <span class='ocrx_word' id='word_1_295' title='bbox 557 3901 714 3960; x_wconf 90' lang='lat' dir='ltr'><strong>testatum</strong></span> <span class='ocrx_word' id='word_1_296' title='bbox 736 3891 833 3980; x_wconf 84' lang='lat' dir='ltr'><strong>tecit,</strong></span> <span class='ocrx_word' id='word_1_297' title='bbox 865 3892 979 3965; x_wconf 85' lang='lat' dir='ltr'><strong>dicens</strong></span> <span class='ocrx_word' id='word_1_298' title='bbox 1004 3897 1075 3986; x_wconf 82' lang='grc'><strong>56,</strong></span> <span class='ocrx_word' id='word_1_299' title='bbox 1106 3898 1168 3972; x_wconf 86' lang='grc'><strong>05.</strong></span> <span class='ocrx_word' id='word_1_300' title='bbox 1204 3893 1227 3990; x_wconf 73' lang='grc' dir='ltr'>ἡ</span> <span class='ocrx_word' id='word_1_301' title='bbox 1252 3893 1364 3992; x_wconf 90' lang='grc' dir='ltr'><strong>γενική</strong></span> <span class='ocrx_word' id='word_1_302' title='bbox 1386 3892 1552 3990; x_wconf 62' lang='lat' dir='ltr'><strong>cipalis-qe</strong></span> <span class='ocrx_word' id='word_1_303' title='bbox 1578 3893 1787 3994; x_wconf 69' lang='lat' dir='ltr'><strong>innupsisset</strong></span> <span class='ocrx_word' id='word_1_304' title='bbox 1810 3895 1848 3966; x_wconf 77' lang='grc' dir='ltr'><strong>ἐκ</strong></span> <span class='ocrx_word' id='word_1_305' title='bbox 1865 3895 1929 3984; x_wconf 72' lang='grc' dir='ltr'><strong>τῆς</strong></span> 
     </span>
     <span class='ocr_line' id='line_1_26' title="bbox 358 4011 1928 4122; baseline -0.005 -26"><span class='ocrx_word' id='word_1_306' title='bbox 358 4018 465 4114; x_wconf 70' lang='lat' dir='ltr'><strong>&#39;Erip</strong></span> <span class='ocrx_word' id='word_1_307' title='bbox 489 4023 563 4090; x_wconf 87' lang='grc' dir='ltr'><strong>τοῦ</strong></span> <span class='ocrx_word' id='word_1_308' title='bbox 599 4017 692 4087; x_wconf 76' lang='grc' dir='ltr'><strong>Θεοῦ</strong></span> <span class='ocrx_word' id='word_1_309' title='bbox 718 4018 897 4113; x_wconf 85' lang='grc' dir='ltr'><strong>σοφίας·</strong></span> <span class='ocrx_word' id='word_1_310' title='bbox 933 4015 957 4112; x_wconf 78' lang='grc' dir='ltr'><strong>ἡ</strong></span> <span class='ocrx_word' id='word_1_311' title='bbox 983 4025 1031 4095; x_wconf 74' lang='lat' dir='ltr'><strong>bl</strong></span> <span class='ocrx_word' id='word_1_312' title='bbox 1055 4011 1171 4096; x_wconf 78' lang='grc' dir='ltr'><strong>ἐστιν</strong></span> <span class='ocrx_word' id='word_1_313' title='bbox 1197 4015 1213 4096; x_wconf 82' lang='grc' dir='ltr'>ὁ</span> <span class='ocrx_word' id='word_1_314' title='bbox 1240 4026 1329 4094; x_wconf 82' lang='grc' dir='ltr'><strong>θεοῦ</strong></span> <span class='ocrx_word' id='word_1_315' title='bbox 1354 4012 1493 4117; x_wconf 63' lang='grc' dir='ltr'><strong>λόγοςι</strong></span> <span class='ocrx_word' id='word_1_316' title='bbox 1518 4017 1928 4122; x_wconf 55' lang='grc' dir='ltr'><strong>κατιὶγαοῦτσνττενσοίην</strong></span> 
     </span>
     <span class='ocr_line' id='line_1_27' title="bbox 361 4134 1928 4243; baseline -0.006 -22"><span class='ocrx_word' id='word_1_317' title='bbox 361 4171 422 4221; x_wconf 86' lang='grc' dir='ltr'><strong>ται</strong></span> <span class='ocrx_word' id='word_1_318' title='bbox 445 4138 469 4238; x_wconf 80' lang='grc' dir='ltr'>ἡ</span> <span class='ocrx_word' id='word_1_319' title='bbox 496 4137 609 4238; x_wconf 76' lang='grc' dir='ltr'><strong>γενικὴ</strong></span> <span class='ocrx_word' id='word_1_320' title='bbox 630 4135 770 4236; x_wconf 75' lang='grc' dir='ltr'><strong>αἱρετή</strong></span> <span class='ocrx_word' id='word_1_321' title='bbox 802 4141 823 4212; x_wconf 88' lang='lat' dir='ltr'><strong>i.</strong></span> <span class='ocrx_word' id='word_1_322' title='bbox 852 4165 882 4210; x_wconf 87' lang='lat' dir='ltr'><strong>c·</strong></span> <span class='ocrx_word' id='word_1_323' title='bbox 907 4143 970 4236; x_wconf 91' lang='grc'><strong>60,</strong></span> <span class='ocrx_word' id='word_1_324' title='bbox 999 4150 1056 4221; x_wconf 87' lang='grc'><strong>17.</strong></span> <span class='ocrx_word' id='word_1_325' title='bbox 1082 4147 1144 4224; x_wconf 87' lang='grc'><strong>46.</strong></span> <span class='ocrx_word' id='word_1_326' title='bbox 1166 4146 1298 4243; x_wconf 81' lang='grc' dir='ltr'><strong>σοφία,</strong></span> <span class='ocrx_word' id='word_1_327' title='bbox 1333 4148 1413 4216; x_wconf 86' lang='lat' dir='ltr'><strong>item</strong></span> <span class='ocrx_word' id='word_1_328' title='bbox 1431 4134 1491 4233; x_wconf 83' lang='grc'><strong>80,</strong></span> <span class='ocrx_word' id='word_1_329' title='bbox 1517 4149 1707 4226; x_wconf 84' lang='grc'><strong>8-16,;</strong></span> <span class='ocrx_word' id='word_1_330' title='bbox 1733 4143 1794 4213; x_wconf 89' lang='lat' dir='ltr'><strong>sed</strong></span> <span class='ocrx_word' id='word_1_331' title='bbox 1819 4158 1928 4236; x_wconf 85' lang='lat' dir='ltr'><strong>paene</strong></span> 
     </span>
     <span class='ocr_line' id='line_1_28' title="bbox 363 4255 1928 4367; baseline -0.005 -25"><span class='ocrx_word' id='word_1_332' title='bbox 363 4271 492 4356; x_wconf 87' lang='lat' dir='ltr'><strong>omnia,</strong></span> <span class='ocrx_word' id='word_1_333' title='bbox 517 4289 604 4357; x_wconf 83' lang='lat' dir='ltr'><strong>quac</strong></span> <span class='ocrx_word' id='word_1_334' title='bbox 622 4265 666 4332; x_wconf 91' lang='lat' dir='ltr'><strong>de</strong></span> <span class='ocrx_word' id='word_1_335' title='bbox 680 4259 785 4362; x_wconf 76' lang='grc' dir='ltr'><strong>λόγῳ,</strong></span> <span class='ocrx_word' id='word_1_336' title='bbox 811 4266 931 4336; x_wconf 85' lang='lat' dir='ltr'><strong>eadem</strong></span> <span class='ocrx_word' id='word_1_337' title='bbox 957 4270 1001 4338; x_wconf 89' lang='lat' dir='ltr'><strong>de</strong></span> <span class='ocrx_word' id='word_1_338' title='bbox 1026 4271 1128 4367; x_wconf 74' lang='grc' dir='ltr'><strong>σοφίᾳ</strong></span> <span class='ocrx_word' id='word_1_339' title='bbox 1151 4269 1336 4361; x_wconf 87' lang='lat' dir='ltr'><strong>praedicat.</strong></span> <span class='ocrx_word' id='word_1_340' title='bbox 1383 4271 1450 4360; x_wconf 82' lang='lat' dir='ltr'><strong>,Est</strong></span> <span class='ocrx_word' id='word_1_341' title='bbox 1477 4255 1580 4358; x_wconf 75' lang='lat' dir='ltr'><strong>emm,</strong></span> <span class='ocrx_word' id='word_1_342' title='bbox 1607 4272 1633 4339; x_wconf 93' lang='lat' dir='ltr'><strong>si</strong></span> <span class='ocrx_word' id='word_1_343' title='bbox 1663 4269 1735 4362; x_wconf 81' lang='lat' dir='ltr'><strong>ejus</strong></span> <span class='ocrx_word' id='word_1_344' title='bbox 1759 4267 1928 4336; x_wconf 76' lang='lat' dir='ltr'><strong>uodonem</strong></span> 
     </span>
    </p>
   </div>
   <div class='ocr_carea' id='block_1_12' title="bbox 214 4383 1927 4496">
    <p class='ocr_par' dir='ltr' id='par_1_13' title="bbox 214 4383 1927 4496">
     <span class='ocr_line' id='line_1_29' title="bbox 214 4383 1927 4496; baseline -0.002 -28"><span class='ocrx_word' id='word_1_345' title='bbox 214 4425 218 4435; x_wconf 56' lang='lat'><strong>⁴</strong></span> <span class='ocrx_word' id='word_1_346' title='bbox 294 4481 296 4487; x_wconf 15' lang='lat' dir='ltr'><strong>y</strong></span> <span class='ocrx_word' id='word_1_347' title='bbox 362 4395 513 4488; x_wconf 82' lang='lat' dir='ltr'><strong>requiris,</strong></span> <span class='ocrx_word' id='word_1_348' title='bbox 530 4393 616 4478; x_wconf 88' lang='grc'><strong>000,</strong></span> <span class='ocrx_word' id='word_1_349' title='bbox 632 4393 667 4464; x_wconf 86' lang='lat'><strong>4.</strong></span> <span class='ocrx_word' id='word_1_350' title='bbox 683 4389 733 4456; x_wconf 82' lang='lat' dir='ltr'><strong>cli</strong></span> <span class='ocrx_word' id='word_1_351' title='bbox 757 4391 789 4459; x_wconf 85' lang='lat'><strong>1.</strong></span> <span class='ocrx_word' id='word_1_352' title='bbox 813 4383 947 4487; x_wconf 77' lang='grc' dir='ltr'><strong>ἡᾶκφα</strong></span> <span class='ocrx_word' id='word_1_353' title='bbox 962 4419 996 4466; x_wconf 93' lang='grc' dir='ltr'><strong>κ.</strong></span> <span class='ocrx_word' id='word_1_354' title='bbox 1011 4390 1176 4496; x_wconf 74' lang='grc' dir='ltr'><strong>παντελὴς</strong></span> <span class='ocrx_word' id='word_1_355' title='bbox 1189 4389 1366 4490; x_wconf 75' lang='grc' dir='ltr'><strong>ἐπιστήμη,</strong></span> <span class='ocrx_word' id='word_1_356' title='bbox 1381 4394 1477 4488; x_wconf 89' lang='lat' dir='ltr'><strong>cujus</strong></span> <span class='ocrx_word' id='word_1_357' title='bbox 1494 4417 1601 4488; x_wconf 78' lang='lat' dir='ltr'><strong>gersus</strong></span> <span class='ocrx_word' id='word_1_358' title='bbox 1616 4394 1740 4486; x_wconf 85' lang='lat' dir='ltr'><strong>duplex</strong></span> <span class='ocrx_word' id='word_1_359' title='bbox 1753 4403 1814 4492; x_wconf 81' lang='lat' dir='ltr'><strong>ert,</strong></span> <span class='ocrx_word' id='word_1_360' title='bbox 1840 4394 1927 4480; x_wconf 91' lang='grc'><strong>498,</strong></span> 
     </span>
    </p>
   </div>
   <div class='ocr_carea' id='block_1_13' title="bbox 364 4508 1929 4619">
    <p class='ocr_par' dir='ltr' id='par_1_14' title="bbox 364 4508 1929 4619">
     <span class='ocr_line' id='line_1_30' title="bbox 364 4508 1929 4619; baseline -0.004 -25"><span class='ocrx_word' id='word_1_361' title='bbox 364 4522 424 4602; x_wconf 87' lang='grc'><strong>85.</strong></span> <span class='ocrx_word' id='word_1_362' title='bbox 432 4517 471 4594; x_wconf 86' lang='grc' dir='ltr'><strong>τὸ</strong></span> <span class='ocrx_word' id='word_1_363' title='bbox 482 4545 515 4614; x_wconf 77' lang='grc' dir='ltr'><strong>γ.</strong></span> <span class='ocrx_word' id='word_1_364' title='bbox 525 4511 661 4604; x_wconf 83' lang='grc' dir='ltr'><strong>οοίον,τὸ</strong></span> <span class='ocrx_word' id='word_1_365' title='bbox 671 4513 708 4619; x_wconf 77' lang='lat' dir='ltr'><strong>bl</strong></span> <span class='ocrx_word' id='word_1_366' title='bbox 719 4508 921 4609; x_wconf 75' lang='grc' dir='ltr'><strong>ἀνθρώπινον.</strong></span> <span class='ocrx_word' id='word_1_367' title='bbox 934 4515 1040 4590; x_wconf 83' lang='grc' dir='ltr'><strong>καὶτὸ</strong></span> <span class='ocrx_word' id='word_1_368' title='bbox 1050 4545 1084 4611; x_wconf 76' lang='grc' dir='ltr'><strong>γ.</strong></span> <span class='ocrx_word' id='word_1_369' title='bbox 1093 4521 1171 4590; x_wconf 67' lang='lat' dir='ltr'><strong>leion</strong></span> <span class='ocrx_word' id='word_1_370' title='bbox 1181 4515 1299 4613; x_wconf 76' lang='grc' dir='ltr'><strong>ἀμιγὲς</strong></span> <span class='ocrx_word' id='word_1_371' title='bbox 1314 4516 1511 4617; x_wconf 79' lang='grc' dir='ltr'><strong>κᾶκφατον,</strong></span> <span class='ocrx_word' id='word_1_372' title='bbox 1520 4510 1558 4591; x_wconf 83' lang='grc' dir='ltr'><strong>οῦ</strong></span> <span class='ocrx_word' id='word_1_373' title='bbox 1573 4521 1669 4590; x_wconf 83' lang='grc' dir='ltr'><strong>ἕνεκα</strong></span> <span class='ocrx_word' id='word_1_374' title='bbox 1680 4523 1727 4616; x_wconf 73' lang='grc' dir='ltr'><strong>τῷ</strong></span> <span class='ocrx_word' id='word_1_375' title='bbox 1742 4513 1855 4612; x_wconf 76' lang='grc' dir='ltr'><strong>σἰγιιγεί</strong></span> <span class='ocrx_word' id='word_1_376' title='bbox 1868 4514 1929 4587; x_wconf 81' lang='grc' dir='ltr'><strong>καὶ</strong></span> 
     </span>
    </p>
   </div>
   <div class='ocr_carea' id='block_1_14' title="bbox 311 4631 2074 5115">
    <p class='ocr_par' dir='ltr' id='par_1_15' title="bbox 311 4631 2074 5115">
     <span class='ocr_line' id='line_1_31' title="bbox 311 4631 1930 4746; baseline -0.006 -28"><span class='ocrx_word' id='word_1_377' title='bbox 311 4739 315 4744; x_wconf 26' lang='grc' dir='ltr'>Ι</span> <span class='ocrx_word' id='word_1_378' title='bbox 363 4644 512 4746; x_wconf 73' lang='grc' dir='ltr'><strong>ἀκράτῳ,</strong></span> <span class='ocrx_word' id='word_1_379' title='bbox 521 4635 651 4715; x_wconf 86' lang='grc' dir='ltr'><strong>κατοὶτ.</strong></span> <span class='ocrx_word' id='word_1_380' title='bbox 659 4633 890 4731; x_wconf 75' lang='grc' dir='ltr'><strong>ἔνοσινφονάδι</strong></span> <span class='ocrx_word' id='word_1_381' title='bbox 903 4636 981 4730; x_wconf 75' lang='grc' dir='ltr'><strong>ὄντι,</strong></span> <span class='ocrx_word' id='word_1_382' title='bbox 993 4645 1119 4714; x_wconf 80' lang='grc' dir='ltr'><strong>σπένδει</strong></span> <span class='ocrx_word' id='word_1_383' title='bbox 1134 4643 1297 4742; x_wconf 60' lang='lat' dir='ltr'><strong>tepore,</strong></span> <span class='ocrx_word' id='word_1_384' title='bbox 1306 4647 1366 4718; x_wconf 89' lang='grc'><strong>80.</strong></span> <span class='ocrx_word' id='word_1_385' title='bbox 1375 4640 1470 4740; x_wconf 77' lang='grc' dir='ltr'><strong>ἁγία,</strong></span> <span class='ocrx_word' id='word_1_386' title='bbox 1483 4640 1575 4718; x_wconf 75' lang='grc' dir='ltr'><strong>οῦδὲν</strong></span> <span class='ocrx_word' id='word_1_387' title='bbox 1586 4631 1797 4740; x_wconf 72' lang='grc' dir='ltr'><strong>ἐπιφερομένη</strong></span> <span class='ocrx_word' id='word_1_388' title='bbox 1810 4636 1930 4732; x_wconf 78' lang='grc' dir='ltr'><strong>γήϊνον.</strong></span> 
     </span>
     <span class='ocr_line' id='line_1_32' title="bbox 364 4745 2074 4864; baseline 0.003 -30"><span class='ocrx_word' id='word_1_389' title='bbox 364 4781 418 4844; x_wconf 71' lang='lat' dir='ltr'><strong>est</strong></span> <span class='ocrx_word' id='word_1_390' title='bbox 434 4775 494 4861; x_wconf 77' lang='lat'><strong>82,</strong></span> <span class='ocrx_word' id='word_1_391' title='bbox 508 4773 543 4843; x_wconf 83' lang='lat'><strong>8.</strong></span> <span class='ocrx_word' id='word_1_392' title='bbox 556 4788 607 4854; x_wconf 90' lang='lat' dir='ltr'><strong>sq.</strong></span> <span class='ocrx_word' id='word_1_393' title='bbox 622 4745 759 4856; x_wconf 75' lang='grc' dir='ltr'><strong>δύναμις</strong></span> <span class='ocrx_word' id='word_1_394' title='bbox 776 4767 858 4855; x_wconf 81' lang='grc' dir='ltr'><strong>θεοῦ,</strong></span> <span class='ocrx_word' id='word_1_395' title='bbox 875 4765 937 4857; x_wconf 91' lang='grc'><strong>59,</strong></span> <span class='ocrx_word' id='word_1_396' title='bbox 957 4770 1015 4840; x_wconf 92' lang='grc'><strong>19.</strong></span> <span class='ocrx_word' id='word_1_397' title='bbox 1028 4771 1146 4860; x_wconf 77' lang='grc' dir='ltr'><strong>κτῆμα</strong></span> <span class='ocrx_word' id='word_1_398' title='bbox 1162 4770 1244 4862; x_wconf 79' lang='grc' dir='ltr'><strong>θεοῦ,</strong></span> <span class='ocrx_word' id='word_1_399' title='bbox 1260 4768 1350 4860; x_wconf 84' lang='grc'><strong>568,</strong></span> <span class='ocrx_word' id='word_1_400' title='bbox 1374 4773 1434 4843; x_wconf 87' lang='grc'><strong>80.</strong></span> <span class='ocrx_word' id='word_1_401' title='bbox 1449 4771 1509 4842; x_wconf 89' lang='grc'><strong>80.</strong></span> <span class='ocrx_word' id='word_1_402' title='bbox 1523 4766 1667 4864; x_wconf 73' lang='grc' dir='ltr'><strong>ῦινγατήφ</strong></span> <span class='ocrx_word' id='word_1_403' title='bbox 1684 4771 1766 4856; x_wconf 82' lang='grc' dir='ltr'><strong>Θεοῦ,</strong></span> <span class='ocrx_word' id='word_1_404' title='bbox 1789 4765 1851 4857; x_wconf 89' lang='grc'><strong>50,</strong></span> <span class='ocrx_word' id='word_1_405' title='bbox 1871 4764 1928 4839; x_wconf 85' lang='grc'><strong>15.</strong></span> <span class='ocrx_word' id='word_1_406' title='bbox 2068 4769 2074 4788; x_wconf 91' lang='grc'><strong>’</strong></span> 
     </span>
     <span class='ocr_line' id='line_1_33' title="bbox 363 4889 1928 5002; baseline -0.004 -37"><span class='ocrx_word' id='word_1_407' title='bbox 363 4898 439 4969; x_wconf 83' lang='lat' dir='ltr'><strong>Deo</strong></span> <span class='ocrx_word' id='word_1_408' title='bbox 452 4905 548 4987; x_wconf 85' lang='lat' dir='ltr'><strong>patre</strong></span> <span class='ocrx_word' id='word_1_409' title='bbox 563 4897 744 4984; x_wconf 74' lang='lat' dir='ltr'><strong>prognota,</strong></span> <span class='ocrx_word' id='word_1_410' title='bbox 769 4889 882 4985; x_wconf 84' lang='lat' dir='ltr'><strong>itaque</strong></span> <span class='ocrx_word' id='word_1_411' title='bbox 905 4891 982 4964; x_wconf 82' lang='grc'><strong>065</strong></span> <span class='ocrx_word' id='word_1_412' title='bbox 991 4913 1007 4980; x_wconf 86' lang='grc'><strong>,’</strong></span> <span class='ocrx_word' id='word_1_413' title='bbox 1028 4895 1087 4964; x_wconf 91' lang='grc'><strong>88.</strong></span> <span class='ocrx_word' id='word_1_414' title='bbox 1109 4895 1201 4982; x_wconf 87' lang='grc'><strong>066,</strong></span> <span class='ocrx_word' id='word_1_415' title='bbox 1227 4897 1289 5002; x_wconf 66' lang='grc' dir='ltr'><strong>06ὅ</strong></span> <span class='ocrx_word' id='word_1_416' title='bbox 1313 4897 1406 4984; x_wconf 89' lang='grc'><strong>069,</strong></span> <span class='ocrx_word' id='word_1_417' title='bbox 1436 4891 1493 4966; x_wconf 91' lang='grc'><strong>15.</strong></span> <span class='ocrx_word' id='word_1_418' title='bbox 1517 4889 1702 4988; x_wconf 78' lang='grc' dir='ltr'><strong>τσνιῦματος</strong></span> <span class='ocrx_word' id='word_1_419' title='bbox 1715 4892 1928 4984; x_wconf 79' lang='lat' dir='ltr'><strong>telcoplena3</strong></span> 
     </span>
     <span class='ocr_line' id='line_1_34' title="bbox 363 4997 1927 5115; baseline -0.003 -26"><span class='ocrx_word' id='word_1_420' title='bbox 363 5040 526 5113; x_wconf 86' lang='lat' dir='ltr'><strong>quacum,</strong></span> <span class='ocrx_word' id='word_1_421' title='bbox 539 5025 658 5108; x_wconf 82' lang='lat' dir='ltr'><strong>utpote</strong></span> <span class='ocrx_word' id='word_1_422' title='bbox 673 5014 760 5100; x_wconf 88' lang='grc'><strong>490,</strong></span> <span class='ocrx_word' id='word_1_423' title='bbox 774 5019 835 5088; x_wconf 87' lang='grc'><strong>48.</strong></span> <span class='ocrx_word' id='word_1_424' title='bbox 861 5010 1011 5112; x_wconf 76' lang='grc' dir='ltr'><strong>φιλεφή</strong></span> <span class='ocrx_word' id='word_1_425' title='bbox 1024 5041 1090 5115; x_wconf 79' lang='lat' dir='ltr'><strong>pq.</strong></span> <span class='ocrx_word' id='word_1_426' title='bbox 1121 5015 1214 5114; x_wconf 82' lang='lat' dir='ltr'><strong>Deus</strong></span> <span class='ocrx_word' id='word_1_427' title='bbox 1239 5022 1301 5106; x_wconf 90' lang='grc'><strong>48,</strong></span> <span class='ocrx_word' id='word_1_428' title='bbox 1316 4997 1379 5091; x_wconf 80' lang='grc'><strong>10.</strong></span> <span class='ocrx_word' id='word_1_429' title='bbox 1405 5018 1543 5090; x_wconf 83' lang='grc' dir='ltr'><strong>Αιττιειι.</strong></span> <span class='ocrx_word' id='word_1_430' title='bbox 1565 5022 1655 5108; x_wconf 63' lang='grc'><strong>01).</strong></span> <span class='ocrx_word' id='word_1_431' title='bbox 1682 5018 1743 5089; x_wconf 88' lang='grc'><strong>86.</strong></span> <span class='ocrx_word' id='word_1_432' title='bbox 1759 5027 1840 5088; x_wconf 80' lang='lat' dir='ltr'><strong>extr.</strong></span> <span class='ocrx_word' id='word_1_433' title='bbox 1854 5037 1927 5085; x_wconf 81' lang='lat' dir='ltr'><strong>ser-</strong></span> 
     </span>
    </p>
   </div>
   <div class='ocr_carea' id='block_1_15' title="bbox 1453 5153 1518 5224">
    <p class='ocr_par' dir='ltr' id='par_1_16' title="bbox 1453 5153 1518 5224">
     <span class='ocr_line' id='line_1_35' title="bbox 1453 5153 1518 5224; baseline 0 -16"><span class='ocrx_word' id='word_1_434' title='bbox 1453 5153 1518 5224; x_wconf 73' lang='grc'><strong>9*</strong></span> 
     </span>
    </p>
   </div>
   <div class='ocr_carea' id='block_1_16' title="bbox 0 0 2620 6344">
    <p class='ocr_par' dir='ltr' id='par_1_17' title="bbox 0 0 2620 6344">
     <span class='ocr_line' id='line_1_36' title="bbox 0 0 2620 6344; baseline 0 6"><span class='ocrx_word' id='word_1_435' title='bbox 0 0 2620 6344; x_wconf 95' lang='lat' dir='ltr'><strong> </strong></span> 
     </span>
    </p>
   </div>
  </div>
 </body>
</html>
