5232 6344
658 519 663 532 a

572 598 580 616 ἱ

664 653 672 672 ·
698 623 724 694 2

702 809 905 914 invenerant,
932 823 1039 892 inhoc
1053 822 1203 912 quaesita
1218 821 1391 908 invenisse,
1405 825 1510 892 autin
1526 824 1691 920 excerptis
1704 823 1856 916 pauculis
1863 823 2012 894 Philonis
2025 789 2265 916 testimoniis‘)
2351 827 2354 834 “

705 955 928 1045 acquievisse,
963 957 1021 1016 aut
1045 946 1283 1040 adogmatum
1311 949 1346 1026 in
1381 960 1480 1018 coetu
1509 947 1697 1018 Christiano
1726 941 1862 1041 public'e
1890 959 2104 1041 receptorum
2132 947 2266 1018 theolo-

707 1099 895 1172 gorumque
916 1073 1056 1140 nominis
1075 1072 1166 1140 fama
1184 1072 1431 1142 nobilitatorum
1447 1074 1641 1142 auctoritate
1661 1096 1838 1165 suspensos
1848 1075 1961 1160 fuisse,
1981 1075 2093 1144 visum
2108 1085 2169 1162 est,
2180 1093 2266 1154 rem;

673 1219 677 1234 ·
708 1203 800 1294 quasi
826 1199 975 1268 nondum
1004 1207 1078 1265 acta
1104 1197 1164 1283 sit,
1197 1196 1240 1264 de
1268 1197 1400 1300 integro
1428 1207 1655 1288 pertractare,
1689 1198 1837 1302 Philonis
1866 1199 1992 1290 scripta
2021 1200 2132 1268 omnia
2165 1201 2268 1268 conti
2382 1241 2389 1252 ·

707 1348 773 1396 nuo
794 1335 834 1398 et
852 1321 984 1392 assiduo
1005 1321 1114 1390 studio
1135 1343 1212 1388 curn
1229 1321 1335 1388 libero
1353 1321 1464 1402 animo
1483 1332 1516 1390 et
1533 1322 1679 1415 ingenuo
1698 1324 1767 1390 veri
1787 1345 1901 1390 amore
1919 1321 2088 1411 lectitare,
2115 1335 2150 1392 et
2176 1323 2267 1393 locoa

708 1473 823 1522 eorum
839 1471 975 1534 omnes,
1000 1446 1173 1538 inquibus
1198 1445 1401 1513 vocabulum
1425 1441 1521 1540 λόγος
1536 1447 1677 1538 legitur,
1711 1449 1802 1539 typis
1829 1447 2010 1538 exscriptos
2033 1449 2268 1538 suisqnelocia

706 1577 1063 1670 repositosrepetere,
1087 1593 1154 1640 non
1172 1591 1239 1660 qno
1254 1569 1490 1658 existimarem,
1524 1593 1581 1639 me
1602 1593 1705 1638 unum
1722 1594 1796 1638 esse
1814 1593 1855 1640 cx
1880 1571 2032 1640 omnibns
2059 1571 2138 1640 huic
2158 1581 2270 1641 tantm

707 1699 898 1794 provinciae
922 1713 1057 1789 parem,
1093 1695 1187 1787 cujus
1211 1694 1352 1762 feliciter
1374 1691 1652 1763 administrandae
1677 1717 1780 1785 quam
1806 1696 1930 1762 multae
1956 1696 2020 1764 sint
2046 1695 2270 1782 difficultates,

708 1805 813 1915 quum
831 1824 940 1915 ipsum
955 1811 1054 1914 λὸγοο
1074 1819 1293 1904 vocabulum,
1318 1820 1513 1910 pracsertim
1531 1841 1594 1887 usu
1607 1819 1740 1899 dicendi
1752 1819 1966 1906 Philumene,
1977 1819 2012 1914 *)
2038 1817 2271 1916 πολοοημὸτω

708 1973 765 2021 τον
788 1947 844 2020 vel
870 1943 1185 2036 lexicographorum
1204 1945 1295 2012 omui
1318 1953 1469 2034 tempore
1484 1945 1723 2014 laudatissimus
1741 1966 1955 2036 summopere
1971 1945 2154 2032 vexaverit,
2172 1967 2271 2014 nemo

668 2149 671 2160 ,
710 2097 764 2144 me
779 2071 894 2142 melius
910 2070 1081 2161 intelligit3
1098 2066 1158 2136 sed
1173 2077 1279 2135 utres
1297 2065 1425 2136 dudum
1442 2079 1515 2136 acta
1533 2080 1567 2138 et
1581 2094 1668 2138 nnnc
1687 2071 1738 2138 vel
1754 2069 1897 2137 maxime
1916 2069 2125 2140 sermonibus
2144 2091 2272 2154 eorum,
2301 2127 2303 2136 .

711 2197 769 2290 qni
788 2196 869 2264 dum
888 2194 949 2264 sibi
963 2194 1023 2262 soli
1037 2192 1072 2260 in
1090 2191 1263 2284 theologia
1282 2192 1470 2261 Christiana
1493 2215 1612 2284 sapere
1634 2191 1804 2278 videntur,
1830 2194 1889 2285 pie
1913 2196 2019 2288 magis
2046 2216 2147 2285 quarn
2172 2191 2271 2262 intel-

710 2323 852 2414 ligenter
870 2318 1066 2409 mysterium
1090 2317 1239 2404 trinitatis
1263 2317 1297 2386 in
1329 2319 1463 2407 antiqua
1489 2317 1697 2388 ludaeorum
1724 2317 1938 2410 philosophia
1964 2329 2146 2410 quaerunt,
2179 2319 2282 2388 cele-¹

659 2515 663 2521 ,
711 2447 825 2534 brata,
850 2442 986 2512 tandem
1001 2441 1179 2532 aliquando
1198 2442 1251 2510 via
1271 2441 1486 2540 inductionis,
1520 2465 1621 2534 qnam
1645 2441 1783 2529 dicunt,
1812 2441 1858 2512 ad
1879 2444 2007 2518 exitum,
2022 2443 2169 2532 aliquem
2190 2466 2273 2538 per7

714 2573 902 2666 duceretur.
951 2568 998 2638 Et
1019 2568 1129 2660 primo
1150 2567 1285 2657 quidem
1306 2537 1523 2636 decreveram
1543 2567 1588 2634 ita
1608 2568 1747 2655 versari,
1783 2578 1820 2635 ut
1833 2590 1900 2636 non
1915 2567 2023 2635 solnm
2036 2567 2130 2636 locos
2146 2557 2273 2656 omnes,

619 2667 623 2676 ⁸
713 2698 771 2790 qni
785 2695 830 2764 ad
849 2690 944 2790 λόγον
965 2693 1179 2792 pertinerent,
1203 2692 1350 2786 integros
1371 2705 1404 2762 et
1419 2680 1662 2762 adorationem
1676 2691 1767 2759 etad
1782 2694 1978 2761 sententiam
2002 2665 2188 2784 descriptos
2210 2717 2272 2786 ap-

712 2841 894 2916 ponerem,
919 2817 980 2888 sed
993 2841 1050 2886 eos
1070 2819 1169 2885 etiam
1191 2819 1238 2891 ita
1259 2816 1467 2910 digererem,
1492 2825 1530 2885 ut
1550 2837 1759 2886 communem
1781 2817 1913 2887 dicendi
1930 2841 2025 2886 usum
2040 2842 2060 2886 a
2078 2842 2204 2912 genere
2221 2819 2272 2888 di-

691 2943 693 2951 ’
714 2917 812 3015 cendi
825 2941 1106 3037 philosophorum
1120 2952 1154 3010 et
1169 2943 1317 3017 Philonis
1332 2943 1471 3035 proprio
1487 2940 1728 3024 discernerem
1749 2943 1810 3012 sed
1825 2954 1928 3033 quum
1942 2942 2175 3034 praeviderem
2189 2943 2274 3030 sore,

714 3079 751 3138 ut
764 3068 833 3138 hoc
854 3065 958 3136 modo
973 3067 1118 3134 instituta
1137 3068 1271 3157 scriptio
1291 3068 1454 3158 majorem
1467 3068 1501 3133 in
1521 3066 1661 3152 molem,
1689 3091 1789 3156 quam
1811 3091 1875 3160 pro
1900 3067 2128 3170 disputationis
2148 3067 2273 3136 acade-

713 3195 821 3264 micae
835 3190 973 3259 modulo
990 3199 1216 3278 excresceret,
1239 3191 1332 3260 locos
1347 3191 1502 3283 quidem,
1521 3189 1613 3280 quod
1625 3191 1741 3280 sciam,
1765 3192 1810 3260 ad
1827 3214 1929 3260 unum
1944 3213 2060 3260 omnes
2074 3192 2275 3280 enumeravi,

683 3365 686 3375 ι
716 3317 777 3388 scd
791 3314 1021 3386 tantummodo
1035 3316 1145 3405 capita
1156 3339 1269 3384 rerum
1283 3313 1427 3400 servavi,
1453 3313 1626 3418 copiarum
1640 3327 1832 3407 paratarum
1851 3339 2010 3410 magnam
2024 3325 2157 3412 partem
2171 3339 2274 3409 prae—

616 3427 619 3440 ’
717 3441 799 3530 cidi,
825 3441 1013 3510 uberiorem
1028 3439 1127 3533 hujus
1144 3442 1210 3509 loci
1222 3427 1471 3534 expositionem,
1497 3441 1524 3509 si
1539 3439 1606 3508 vita
1620 3451 1655 3508 et
1671 3438 1775 3508 otium
1789 3427 2062 3536 suppeditaverit,
2083 3451 2276 3534 opportuno

797 3789 827 3878 ⁸)
850 3791 959 3866 Qualia
975 3791 1163 3854 Mcalemiua
1175 3793 1213 3856 ad
1228 3791 1406 3865 cadworthi
1419 3802 1549 3874 systema
1560 3791 1761 3854 intellectuale
1771 3791 1855 3852 Tam.
1867 3789 1891 3854 l.
1905 3813 1938 3874 p.
1953 3797 2016 3862 828
2040 3827 2077 3841 -
2104 3799 2176 3866 839,
2196 3798 2277 3876 Les.

701 3909 703 3918 ·
833 3897 936 3984 sterne
957 3895 994 3957 ad
1009 3887 1195 3959 Souverainii
1212 3900 1322 3959 librum
1337 3899 1374 3958 de
1386 3895 1568 3958 Pletoniamo
1591 3897 1713 3956 Petrum
1733 3915 1763 3976 p.
1780 3897 1819 3960 91
1845 3927 1882 3940 -
1908 3899 1979 3962 100.
2001 3895 2118 3957 Datin
2132 3897 2278 3961 Chresto-

845 3995 958 4058 mathia
978 3995 1153 4060 Philoniana
1168 4001 1245 4066 Part.
1258 4001 1282 4064 l.
1296 4022 1327 4082 p.
1343 4004 1363 4068 6
1386 4033 1429 4051 -
1446 4005 1476 4068 9.
1520 3999 1620 4058 Pauli
1640 3999 1837 4068 Commtnlffl'·
1851 3995 1890 4056 td
1905 3997 2047 4060 J⁰¹tt¹¹0m
2066 4020 2096 4080 p-
2112 4003 2154 4066 87
2167 4031 2211 4048 -·
2225 4003 2277 4071 52

833 4099 1099 4165 'Mimcherilliat
1109 4103 1316 4181 uogm.v01.t
1331 4125 1361 4184 p.
1369 4109 1430 4172 891
1441 4103 1567 4168 -397.
1587 4097 1704 4161 Ewatd
1713 4099 1746 4160 iu
1761 4097 1880 4160 libellos
1908 4101 1991 4164 Wua
2006 4099 2279 4166 damnandarum
2370 4161 2376 4172 ,

804 4245 814 4252 ο
843 4202 941 4269 Juden
955 4223 984 4266 ν.
995 4201 1202 4284 demLogoat
1210 4225 1241 4286 p.
1257 4209 1405 4287 20-26.
1413 4202 1605 4266 Ballenatedt
1621 4203 1707 4266 Philo
1716 4221 1747 4266 u.
1761 4199 1909 4272 lohannes
1921 4224 1952 4285 p·
1961 4203 2110 4272 18-84·
2119 4203 2277 4286 dederunt.
2337 4235 2341 4244 ¹

801 4343 855 4428 ¹¹¹¹)
876 4343 1010 4405 Philonia
1022 4344 1101 4406 ratio
1123 4345 1157 4406 in
1175 4345 1333 4412 formanda
1345 4345 1550 4426 mutandaque
1561 4353 1591 4406 at
1606 4341 1750 4406 varianda
1763 4337 1857 4425 hujus
1880 4343 1965 4406 vocis
1986 4341 2083 4424 tgna
2096 4353 2159 4408 tana
2172 4347 2278 4410 multi·

841 4446 914 4528 plax
928 4456 973 4508 eat
992 4456 1113 4528 tamque
1128 4447 1261 4524 subtilia,
1280 4457 1317 4508 ut
1325 4449 1424 4510 lector
1438 4449 1489 4518 vel
1501 4447 1629 4508 maxime
1641 4454 1775 4508 attentus
1788 4458 2006 4528 nonnunquam
2020 4446 2129 4512 dobiae
2148 4447 2277 4532 merear,

843 4558 947 4610 utrum
959 4547 1134 4640 subjective,
1156 4551 1238 4631 qnod
1255 4551 1350 4632 ajunt,
1365 4551 1483 4611 dicatur
1494 4545 1580 4634 λόγος
1591 4570 1630 4610 au
1651 4549 1801 4632 objectiva
1814 4549 1971 4626 (molid,
1987 4550 2036 4618 15.
2059 4547 2097 4614 roi
2107 4555 2163 4615 rori
2176 4559 2279 4632 σοφοῦ·

769 4670 772 4684 ·
842 4643 1041 4732 ἔνθομήμοτο
1054 4643 1149 4736 λόγων
1161 4648 1324 4738 α’δοαφοοεῖ
1334 4653 1441 4716 θείων.
1456 4645 1757 4733 567,11.1εοοο“ςκο1
1771 4643 1936 4732 ipsiorum
1942 4649 2065 4738 λόγους)
2082 4653 2277 4719 inabstracta

842 4771 880 4812 an
896 4753 930 4811 in
948 4737 1090 4814 concreto
1112 4754 1154 4838 (v.
1173 4777 1200 4817 c.
1212 4749 1379 4838 ἀγωνιστὴς
1391 4751 1480 4841 λόγος
1495 4752 1637 4836 Pinehas)
1653 4749 1856 4829 ὁένδιᾶθὲτος
1876 4773 1915 4814 an
1935 4751 2160 4839 ὅποοφοροκός,
2173 4749 2190 4823 ὃ
2202 4783 2277 4843 yona.
2311 4801 2313 4810 ι

738 4873 741 4884 ’
844 4851 896 4930 ade
909 4876 947 4916 an
964 4852 1069 4920 deusd
1082 4855 1179 4938 μέρος.
1222 4857 1290 4950 Quo
1306 4857 1462 4920 difficilior
1482 4877 1567 4938 saepe
1584 4855 1667 4937 optio
1685 4863 1756 4934 eat,
1777 4859 1810 4917 in
1832 4877 1960 4938 quanam
1976 4857 2165 4941 potiaaimutn
2185 4862 2278 4945 tigni·
2339 4901 2342 4906 ·

842 4955 1015 5024 bubonum
1030 4959 1122 5020 claaae
1134 4957 1187 5021 hic
1198 4957 1247 5019 vel
1258 4958 1311 5020 ille
1325 4960 1412 5022 locus
1424 4961 1614 5043 reponendus
1623 4979 1686 5022 asae
1704 4958 1853 5022 videatur.
