5232 6344
698 872 789 959 θεοῦ,
812 809 893 936 mor
915 863 1010 954 587,
1036 867 1071 936 7.
1094 865 1151 934 10.
1174 861 1268 932 neus
1291 859 1385 953 ipse,
1410 855 1490 929 mo'x
1512 859 1663 950 deniqne·
1680 859 1777 948 690,
1807 860 1864 932 12.
1879 855 1936 930 af,
1962 855 2058 946 586,
2085 841 2188 972 1878
2211 861 2270 929 τοῦ
2321 869 2336 972 .·

658 1019 660 1026 ·
697 990 790 1076 όντος
809 985 907 1083 λόγοςΙ
931 1010 973 1058 ex
993 989 1175 1059 Deuteron.
1203 991 1248 1076 9,
1274 983 1310 1058 5.
1343 985 1403 1054 uhi
1419 1007 1484 1077 pro
1506 983 1677 1053 Hebraico
1702 995 1761 1067 ψ,
1785 982 1892 1052 Lxx„
1917 981 1984 1060 hac
2009 1003 2094 1051 rone
2119 981 2171 1050 nsi
2197 992 2274 1076 sunt

698 1116 782 1208 (rid
808 1111 968 1206 Carpzov
994 1135 1109 1180 sacrae
1135 1109 1316 1180 exereitatt
1357 1111 1492 1202 Proleg.
1513 1108 1733 1179 LXXXVIII.
1756 1129 1791 1200 p.
1813 1110 1899 1214 888.
1921 1098 2009 1183 418.
2038 1105 2144 1198 462.)
2183 1105 2275 1176 idem

557 1267 560 1278 ’
698 1238 714 1315 ό
737 1236 833 1334 λόγος
854 1237 974 1340 dicitur
994 1239 1083 1327 299,
1112 1234 1170 1308 15.
1197 1225 1274 1302 oum
1293 1233 1461 1319 Israelitis,
1487 1255 1632 1324 quorum
1657 1257 1694 1302 se
1714 1243 1862 1302 tutorem
1880 1233 1975 1301 Deus
1993 1230 2072 1300 inde
2094 1230 2139 1298 ab
2161 1229 2275 1300 ultima

698 1365 807 1460 gentis
832 1363 962 1454 origine
984 1361 1158 1452 professus
1183 1368 1255 1428 erat
1276 1357 1383 1449 (644,
1408 1359 1469 1430 40.
1496 1357 1622 1431 4461.
1647 1359 1737 1448 18),
1763 1355 1901 1425 eoadem
1924 1355 2049 1424 annom
2070 1365 2105 1424 at
2126 1353 2275 1424 ir'rimioos

698 1491 837 1560 habere.
888 1487 1121 1570 Quamobrem
1143 1484 1331 1569 Israelitae,
1357 1483 1416 1573 qui
1437 1483 1518 1551 alias
1544 1485 1619 1556 888
1630 1519 1648 1572 ,·
1667 1487 1728 1557 36.
1746 1482 1790 1549 cf.
1820 1485 1914 1582 293,
1940 1481 2000 1554 87.
2021 1474 2044 1552 ό
2067 1474 2221 1586 §punning
2244 1493 2275 1553 τ.

700 1619 771 1688 θεοῦ
794 1639 827 1685 ν.
842 1605 977 1704 γνήσιος
1000 1606 1201 1702 teporatur-hg
1222 1603 1343 1704 τρόπος
1366 1606 1537 1695 dicuntur,
1569 1606 1672 1693 licet,
1690 1615 1729 1674 ut
1742 1581 1836 1692 418,
1870 1607 1931 1680 44.
1954 1613 2022 1692 est,
2056 1601 2167 1678 οὐκέτι
2184 1599 2276 1702 ἐξόρὲ

684 1729 790 1836 Ιχοντο
803 1737 983 1808 4πείθωνται
1013 1725 1118 1828 λόγῳ,
1158 1728 1248 1806 ἀλλά
1263 1707 1315 1830 ’τῷ
1338 1757 1370 1803 τ.
1401 1727 1527 1817 παντός
1553 1734 1633 1830 θεῷ,
1669 1743 1783 1799 tamen
1804 1729 1906 1830 iidem
1925 1731 2155 1822 appellantur,
2188 1729 2277 1815 427,

704 1868 763 1936 14.
787 1855 873 1932 ὑιοὶ
894 1852 1070 1952 Ἰσραὴλ
1092 1861 1165 1930 τοῦ
1191 1852 1376 1955 όρῶντος
1405 1856 1427 1927 i.
1450 1879 1481 1929 e.
1508 1879 1541 1928 r.
1564 1859 1599 1930 6.
1632 1878 1663 1929 τ.
1694 1857 1777 1928 θείου
1806 1851 1905 1951 λόγου
1932 1864 1967 1924 et
1993 1858 2089 1947 427,
2121 1852 2276 1929 9-11.

704 1990 799 2077 644,
832 1987 893 2058 47.
918 1981 972 2051 cll.
993 1983 1084 2070 122,
1121 1987 1156 2057 6.
1191 1978 1315 2076 λόγου
1339 1983 1488 2068 παῖδες
1512 1986 1584 2054 τοῦ
1610 1976 1843 2077 ἱεουτάτου
1876 2003 1958 2074 opp.
1990 1985 2085 2073 888,
2115 1980 2176 2054 84.
2212 1977 2278 2068 γῆς

703 2091 838 2202 aaron,
866 2107 1065 2201 praesertIm
1090 2127 1195 2195 quom
1220 2105 1313 2174 idem
1334 2109 1394 2178 τοῦ
1415 2100 1522 2178 ἀϊδίου
1549 2100 1566 2178 ό
1590 2101 1687 2199 λόγος
1712 2107 1754 2176 sit
1774 2107 1862 2195 411,
1887 2109 1923 2179 7.
1945 2105 1978 2177 8.
2004 2101 2169 2203 ἄνθρωπος
2193 2103 2277 2189 θεοῦ,

702 2240 762 2309 τοῦ
786 2234 824 2306 δὲ
847 2227 989 2324 ἀληθοῦς
1010 2225 1176 2325 ἀνθρώπου
1197 2224 1364 2324 pinapel
1383 2209 1741 2328 τάςπατγνίουςοόχάς
1764 2233 1916 2303 ἐπιτελῶν
1937 2213 2048 2322 (658,
2074 2227 2163 2319 26).
2203 2226 2276 2297 no-
2395 2313 2397 2318 ,

702 2353 901 2451 niqne'ipse
925 2351 1023 2450 λόγος
1046 2355 1095 2424 dr.
1121 2358 1216 2445 427,
1250 2358 1285 2428 6.
1328 2349 1433 2451 ὁρῶν
1464 2349 1658 2452 Ἰσραήλ,
1676 2392 1679 2402 ·
1700 2341 1795 2446 quasi
1827 2339 1969 2425 eeclesia
1991 2354 2172 2426 Israelitioa
2193 2371 2277 2446 prae

705 2483 823 2554 ceteris
843 2479 917 2573 ejus
941 2480 1037 2550 redes
1061 2481 1103 2548 sit
1125 2501 1165 2547 ao
1189 2473 1404 2549 domieiliom.
1496 2517 1498 2521 v
1815 2571 1819 2580 ⁵

821 2652 822 2661 τ
857 2607 899 2698 6)
951 2588 1110 2674 venimus
1141 2604 1187 2672 ad
1215 2605 1443 2701 quaestionem
1483 2603 1601 2674 ultimo
1638 2605 1716 2674 loco
1746 2599 2018 2699 disceptandamr
2076 2613 2226 2675 utram
2257 2593 2276 2676 ό

705 2734 818 2833 θεῖος
840 2724 963 2823 λόγος
986 2729 1257 2800 Judaeornm
1282 2728 1582 2798 tantummodo
1608 2729 1758 2822 fuerit,
1793 2753 1845 2800 an
1869 2731 1973 2799 item
1998 2729 2052 2797 ad
2077 2727 2277 2822 gentilos
2347 2795 2350 2804 .

703 2854 969 2949 pertinuerit
993 2861 1033 2922 et
1058 2850 1300 2944 quomodo?
1352 2853 1468 2938 Quam
1491 2848 1507 2926 ό
1528 2855 1622 2944 θλ,
1649 2861 1686 2921 ut
1704 2831 1806 2946 supra
1826 2856 2003 2956 docuimus
2019 2855 2064 2923 ad
2085 2876 2187 2924 omne
2209 2853 2277 2924 hu·
2388 2939 2393 2948 Ι

647 3042 653 3051 .
696 2956 841 3050 'manum
866 3003 972 3072 genus
1000 2980 1167 3070 pertineat
1190 2979 1225 3046 et
1243 2976 1408 3068 quidquid
1433 2999 1576 3068 nsquam
1601 2949 1674 3046 'sive
1707 2980 1743 3046 ln
1758 2999 1891 3056 rernm,
1904 2987 2021 3048 natur'a
2053 2979 2122 3049 sire
2154 2981 2190 3048 in
2210 2977 2279 3050 vita

705 3104 878 3178 hominurn
901 3104 1028 3172 ratione
1053 3104 1313 3194 administratur,
1348 3101 1385 3170 id
1407 3125 1506 3170 omne
1531 3123 1573 3170 er
1597 3102 1666 3170 hoo
1689 3103 1783 3172 fonte
1804 3115 2002 3196 promanet,
2035 3127 2114 3173 euna
2137 3103 2171 3172 in
2189 3125 2277 3197 gen-

705 3229 816 3298 lilibus
833 3249 969 3318 quoque
990 3227 1058 3296 rim
1074 3227 1251 3314 habuisse,
1290 3231 1549 3295 comentaneum
1572 3238 1653 3302 erat.
1705 3227 1759 3296 Αο
1782 3221 1928 3319 primurn
1954 3228 2095 3320 quidem
2124 3229 2277 3298 testImo·

706 3354 797 3422 nium
810 3352 905 3422 ‘illud
924 3362 992 3440 est,
1028 3349 1138 3442 quad,
1174 3372 1278 3442 quum
1299 3351 1334 3419 in
1356 3352 1511 3423 omnibus
1534 3353 1667 3421 omnino
1692 3351 1881 3421 hominibus
1904 3355 2027 3423 semina
2052 3355 2150 3424 insint
2171 3354 2277 3424 virtu*-
2330 3439 2337 3444 ,

705 3477 746 3548 tis
769 3461 1028 3572 diligentiaeque
1048 3485 1083 3546 et
1105 3448 1254 3546 culturae
1278 3475 1317 3544 lis
1344 3475 1513 3580 adhibitae
1534 3499 1698 3566 nusquam
1727 3475 1958 3548 desiderentur
1985 3480 2126 3549 facultas
2157 3487 2191 3549 et
2216 3501 2276 3548 ex·
2418 3553 2423 3560 ,

706 3602 819 3694 ampla
843 3603 905 3692 (2,
921 3603 1025 3688 456,
1054 3604 1086 3673 1.
1116 3601 1206 3691 85),
1231 3621 1332 3690 quam
1356 3603 1486 3694 regiam
1509 3603 1596 3670 viam
1616 3601 1750 3694 judicat
1772 3601 1817 3668 ad
1839 3602 2035 3693 sapientiam
2061 3614 2095 3673 et
2121 3605 2276 3674 drtutem

706 3724 978 3816 comparandam,
1004 3747 1181 3793 commune
1201 3723 1282 3792 dicit
1303 3747 1376 3828 esse
1397 3727 1533 3812 bonnm,
1558 3747 1626 3793 non
1645 3725 1721 3794 satis
1738 3726 1822 3795 illud
1842 3727 2046 3798 laudandum
2078 3729 2165 3821 (12,
2188 3729 2276 3822 25),

491 3893 494 3902 ·
618 3925 625 3940 ,
703 3847 973 3943 phdmopldm,
1014 3849 1124 3918 divino
1148 3848 1285 3939 quidem
1305 3872 1443 3920 monere
1469 3849 1617 3918 humano
1643 3851 1760 3942 generi
1786 3873 1997 3938 concessam,
2038 3857 2075 3945 2,
2101 3857 2190 3945 850,
2215 3861 2276 3931 28.

706 3975 761 4046 oll.
782 3976 877 4082 290,
912 3972 969 4046 15.
1015 3977 1106 4064 668,
1139 3979 1200 4046 40.
1243 3979 1338 4066 840,
1372 3976 1433 4050 25.
1477 3973 1536 4070 οὐχ
1565 3970 1609 4061 ὦς
1631 3970 1741 4068 γήϊνον
1762 3979 1899 4068 κτῆμα,
1931 3973 2003 4050 ἀλλ’
2029 3972 2073 4063 ὥς
2093 3973 2276 4076 Ὀλύμπιον

646 4121 652 4132 “
704 4093 898 4193 ἀγώνισμα,
936 4119 1078 4188 eamque
1102 4121 1170 4167 non
1197 4100 1305 4169 solum
1331 4103 1375 4190 2,
1412 4101 1504 4190 145,
1536 4103 1571 4173 8.
1610 4097 1718 4201 Mosis
1746 4101 1960 4193 magistram,
2003 4104 2061 4194 qni
2083 4105 2162 4175 alias
2187 4109 2274 4198 498,

705 4225 766 4296 81.
792 4224 835 4296 cf.
862 4227 957 4312 497,
983 4226 1044 4294 20.
1071 4218 1168 4318 φύσει
1189 4221 1380 4324 διδαωοάλῳ
1404 4220 1622 4322 χρησάμενος
1636 4221 1703 4310 da,
1729 4223 1790 4292 sed
1814 4225 1956 4296 eandem
1979 4197 2078 4300 etiarn
2101 4235 2188 4319 244,
2213 4235 2273 4306 58.

706 4369 783 4416 eum
809 4351 879 4420 θεοῦ
906 4341 1029 4440 ῥήματι
1047 4373 1079 4418 κ.
1100 4343 1186 4448 λόγῳ
1211 4349 1327 4438 (Dent.
1357 4351 1421 4439 17,
1453 4351 1545 4440 IL),
1571 4347 1857 4437 quemadmodum
1873 4351 2013 4422 'abunde
2036 4353 2185 4425 declarat
2205 4349 2288 4426 Ar·'

704 4493 793 4540 rnen.
820 4471 874 4542 ed
906 4473 1014 4544 1826.
1042 4494 1078 4563 p.
1097 4475 1157 4544 40.
1194 4471 1467 4563 quandoquidem
1489 4471 1703 4566 philosophia
1737 4473 1865 4563 (qnam
1887 4476 1974 4543 viam
2009 4479 2053 4548 ad
2080 4480 2274 4574 sapientiam

465 4583 468 4592 ’
566 4645 569 4658 .
621 4663 624 4676 ,
705 4593 855 4687 dixerat)
881 4595 1034 4686 praedita
1056 4605 1108 4664 est
1132 4596 1248 4664 virtus·
1262 4595 1422 4684 mandra,
1473 4595 1689 4689 philosophia
1720 4605 1755 4664 et
1787 4598 1882 4690 regia
1908 4599 2074 4696 (virtus),
2119 4607 2273 4700 philoso·
2405 4631 2408 4636 ’

705 4720 794 4811 phos
822 4719 922 4790 etiarn
953 4719 1106 4791 mundns.
1173 4713 1304 4790 Deinde
1338 4731 1527 4810 exterorum
1559 4721 1763 4820 populorum
1802 4707 2027 4818 philosophos
2060 4729 2146 4799 adeo
2172 4731 2274 4804 lande

600 4886 605 4897 ·
706 4864 766 4910 sua
787 4865 855 4912 nou
878 4843 1031 4930 fraudat,
1057 4855 1095 4914 ut
1116 4843 1240 4913 Mosen
1259 4843 1369 4939 ipsum
1389 4843 1475 4912 falso
1500 4845 1603 4932 diem,
1618 4847 1666 4936 ’2,
1693 4849 1760 4936 83,
1787 4851 1846 4920 41.
1874 4848 2013 4921 Graecis
2035 4855 2135 4924 literis
2160 4859 2280 4930 imhu-·

654 4975 663 4984 -
704 4973 777 5034 am
793 4989 877 5056 aa,
903 4967 1203 5041 alamannam
1216 4967 1320 5059 (aaa,
1345 4971 1407 5042 44.
1433 4968 1520 5060 445,
1549 4949 1720 5072 raison,
1746 4974 1807 5047 ar.
1833 4953 1923 5066 555,
1947 4979 2006 5050 aa.
2032 4981 2070 5069 a,
2098 4983 2183 5086 ιον,
2212 4985 2273 5078 a),
