<?xml version="1.0" encoding="UTF-8"?>
<!DOCTYPE html PUBLIC "-//W3C//DTD XHTML 1.0 Transitional//EN"
    "http://www.w3.org/TR/xhtml1/DTD/xhtml1-transitional.dtd">
<html xmlns="http://www.w3.org/1999/xhtml" xml:lang="en" lang="en">
 <head>
  <title>
</title>
<meta http-equiv="Content-Type" content="text/html;charset=utf-8" />
  <meta name='ocr-system' content='tesseract 3.04.00' />
  <meta name='ocr-capabilities' content='ocr_page ocr_carea ocr_par ocr_line ocrx_word'/>
</head>
<body>
  <div class='ocr_page' id='page_1' title='image "./quaestionesphil00grosgoog_0019.png"; bbox 0 0 5248 6332; ppageno 0'>
   <div class='ocr_carea' id='block_1_1' title="bbox 530 583 713 681">
    <p class='ocr_par' dir='ltr' id='par_1_1' title="bbox 530 583 713 681">
     <span class='ocr_line' id='line_1_1' title="bbox 530 583 713 681; baseline 0 0"><span class='ocrx_word' id='word_1_1' title='bbox 530 583 539 598; x_wconf 91' lang='lat'>&#39;</span> <span class='ocrx_word' id='word_1_2' title='bbox 687 610 713 681; x_wconf 86' lang='lat' dir='ltr'>e</span> 
     </span>
    </p>
   </div>
   <div class='ocr_carea' id='block_1_2' title="bbox 686 763 2264 1157">
    <p class='ocr_par' dir='ltr' id='par_1_2' title="bbox 686 763 2264 1157">
     <span class='ocr_line' id='line_1_2' title="bbox 687 763 2264 908; baseline 0.002 -22"><span class='ocrx_word' id='word_1_3' title='bbox 687 781 775 887; x_wconf 76' lang='lat' dir='ltr'>xime</span> <span class='ocrx_word' id='word_1_4' title='bbox 791 815 898 886; x_wconf 83' lang='lat' dir='ltr'>fontes</span> <span class='ocrx_word' id='word_1_5' title='bbox 911 799 1053 884; x_wconf 85' lang='lat' dir='ltr'>conarer</span> <span class='ocrx_word' id='word_1_6' title='bbox 1068 811 1217 906; x_wconf 67' lang='lat' dir='ltr'>aperire,</span> <span class='ocrx_word' id='word_1_7' title='bbox 1243 811 1332 884; x_wconf 81' lang='lat' dir='ltr'>unde</span> <span class='ocrx_word' id='word_1_8' title='bbox 1349 811 1405 886; x_wconf 88' lang='lat' dir='ltr'>ille</span> <span class='ocrx_word' id='word_1_9' title='bbox 1425 835 1492 886; x_wconf 84' lang='lat' dir='ltr'>noa</span> <span class='ocrx_word' id='word_1_10' title='bbox 1512 813 1746 886; x_wconf 84' lang='lat' dir='ltr'>iudialecticis</span> <span class='ocrx_word' id='word_1_11' title='bbox 1765 791 1876 906; x_wconf 85' lang='lat' dir='ltr'>potius</span> <span class='ocrx_word' id='word_1_12' title='bbox 1898 763 2056 908; x_wconf 64' lang='lat' dir='ltr'>quemn</span> <span class='ocrx_word' id='word_1_13' title='bbox 2082 813 2197 890; x_wconf 79' lang='lat' dir='ltr'>etlricis</span> <span class='ocrx_word' id='word_1_14' title='bbox 2230 831 2264 892; x_wconf 86' lang='lat' dir='ltr'>et</span> 
     </span>
     <span class='ocr_line' id='line_1_3' title="bbox 686 919 2263 1038; baseline 0.004 -30"><span class='ocrx_word' id='word_1_15' title='bbox 686 941 846 1034; x_wconf 74' lang='lat' dir='ltr'>physicis,</span> <span class='ocrx_word' id='word_1_16' title='bbox 871 959 974 1030; x_wconf 87' lang='lat' dir='ltr'>quom</span> <span class='ocrx_word' id='word_1_17' title='bbox 987 948 1162 1029; x_wconf 87' lang='lat' dir='ltr'>utramque</span> <span class='ocrx_word' id='word_1_18' title='bbox 1173 935 1410 1030; x_wconf 86' lang='lat' dir='ltr'>philosophiae</span> <span class='ocrx_word' id='word_1_19' title='bbox 1422 950 1553 1032; x_wconf 86' lang='lat' dir='ltr'>partem</span> <span class='ocrx_word' id='word_1_20' title='bbox 1566 949 1677 1010; x_wconf 84' lang='lat' dir='ltr'>noster</span> <span class='ocrx_word' id='word_1_21' title='bbox 1689 943 1855 1032; x_wconf 78' lang='lat' dir='ltr'>communi</span> <span class='ocrx_word' id='word_1_22' title='bbox 1868 919 2205 1034; x_wconf 76' lang='lat' dir='ltr'>theologiaenomine</span> <span class='ocrx_word' id='word_1_23' title='bbox 2214 940 2263 1038; x_wconf 66' lang='grc' dir='ltr'>Π)</span> 
     </span>
     <span class='ocr_line' id='line_1_4' title="bbox 688 1061 2263 1157; baseline 0.003 -23"><span class='ocrx_word' id='word_1_24' title='bbox 688 1065 860 1157; x_wconf 89' lang='lat' dir='ltr'>appellare</span> <span class='ocrx_word' id='word_1_25' title='bbox 875 1065 972 1154; x_wconf 85' lang='lat' dir='ltr'>solet,</span> <span class='ocrx_word' id='word_1_26' title='bbox 995 1062 1183 1156; x_wconf 75' lang='lat' dir='ltr'><strong>profecisse</strong></span> <span class='ocrx_word' id='word_1_27' title='bbox 1195 1062 1362 1154; x_wconf 86' lang='lat' dir='ltr'>potandus</span> <span class='ocrx_word' id='word_1_28' title='bbox 1377 1061 1426 1132; x_wconf 76' lang='lat' dir='ltr'>sit.</span> <span class='ocrx_word' id='word_1_29' title='bbox 1477 1063 1544 1132; x_wconf 90' lang='lat' dir='ltr'>Hic</span> <span class='ocrx_word' id='word_1_30' title='bbox 1558 1067 1619 1134; x_wconf 85' lang='lat' dir='ltr'>etsi</span> <span class='ocrx_word' id='word_1_31' title='bbox 1634 1065 1733 1134; x_wconf 83' lang='lat' dir='ltr'>video</span> <span class='ocrx_word' id='word_1_32' title='bbox 1743 1087 1821 1144; x_wconf 59' lang='lat' dir='ltr'>mm</span> <span class='ocrx_word' id='word_1_33' title='bbox 1831 1089 1888 1134; x_wconf 88' lang='lat' dir='ltr'>me</span> <span class='ocrx_word' id='word_1_34' title='bbox 1902 1090 1975 1137; x_wconf 87' lang='lat' dir='ltr'>rem</span> <span class='ocrx_word' id='word_1_35' title='bbox 1987 1067 2021 1134; x_wconf 92' lang='lat' dir='ltr'>iu</span> <span class='ocrx_word' id='word_1_36' title='bbox 2036 1069 2263 1156; x_wconf 86' lang='lat' dir='ltr'>quaestionem</span> 
     </span>
    </p>
   </div>
   <div class='ocr_carea' id='block_1_3' title="bbox 539 1187 2285 1288">
    <p class='ocr_par' dir='ltr' id='par_1_3' title="bbox 539 1187 2285 1288">
     <span class='ocr_line' id='line_1_5' title="bbox 539 1187 2285 1288; baseline 0.004 -33"><span class='ocrx_word' id='word_1_37' title='bbox 539 1271 544 1288; x_wconf 29' lang='grc' dir='ltr'>ι</span> <span class='ocrx_word' id='word_1_38' title='bbox 688 1211 808 1257; x_wconf 87' lang='lat' dir='ltr'>vocare</span> <span class='ocrx_word' id='word_1_39' title='bbox 824 1211 959 1280; x_wconf 87' lang='lat' dir='ltr'>ausum,</span> <span class='ocrx_word' id='word_1_40' title='bbox 985 1211 1072 1278; x_wconf 87' lang='lat' dir='ltr'>quae</span> <span class='ocrx_word' id='word_1_41' title='bbox 1088 1195 1123 1256; x_wconf 88' lang='lat' dir='ltr'>et</span> <span class='ocrx_word' id='word_1_42' title='bbox 1135 1187 1323 1279; x_wconf 83' lang='lat' dir='ltr'>argumenti</span> <span class='ocrx_word' id='word_1_43' title='bbox 1336 1188 1434 1278; x_wconf 87' lang='lat' dir='ltr'>copia</span> <span class='ocrx_word' id='word_1_44' title='bbox 1445 1187 1613 1258; x_wconf 87' lang='lat' dir='ltr'>uberrima</span> <span class='ocrx_word' id='word_1_45' title='bbox 1625 1190 1684 1277; x_wconf 89' lang='lat' dir='ltr'>sit,</span> <span class='ocrx_word' id='word_1_46' title='bbox 1716 1199 1751 1258; x_wconf 90' lang='lat' dir='ltr'>et</span> <span class='ocrx_word' id='word_1_47' title='bbox 1764 1189 2029 1282; x_wconf 81' lang='lat' dir='ltr'>disputationem</span> <span class='ocrx_word' id='word_1_48' title='bbox 2043 1190 2166 1260; x_wconf 82' lang='lat' dir='ltr'>habeat</span> <span class='ocrx_word' id='word_1_49' title='bbox 2178 1215 2261 1284; x_wconf 88' lang='lat' dir='ltr'>per·</span> <span class='ocrx_word' id='word_1_50' title='bbox 2281 1199 2285 1206; x_wconf 87' lang='lat'>&#39;</span> 
     </span>
    </p>
   </div>
   <div class='ocr_carea' id='block_1_4' title="bbox 681 1309 2261 1652">
    <p class='ocr_par' dir='ltr' id='par_1_4' title="bbox 681 1309 2261 1652">
     <span class='ocr_line' id='line_1_6' title="bbox 686 1309 2261 1404; baseline 0.004 -24"><span class='ocrx_word' id='word_1_51' title='bbox 686 1313 863 1382; x_wconf 51' lang='lat' dir='ltr'>&amp;scuram</span> <span class='ocrx_word' id='word_1_52' title='bbox 883 1313 1148 1402; x_wconf 81' lang='lat' dir='ltr'><strong>solutionemque</strong></span> <span class='ocrx_word' id='word_1_53' title='bbox 1169 1309 1417 1392; x_wconf 69' lang='lat' dir='ltr'>difficillimam</span> <span class='ocrx_word' id='word_1_54' title='bbox 1450 1319 1564 1380; x_wconf 85' lang='lat' dir='ltr'>tamen</span> <span class='ocrx_word' id='word_1_55' title='bbox 1580 1312 1664 1382; x_wconf 92' lang='lat' dir='ltr'>illud</span> <span class='ocrx_word' id='word_1_56' title='bbox 1682 1336 1737 1382; x_wconf 90' lang='lat' dir='ltr'>me</span> <span class='ocrx_word' id='word_1_57' title='bbox 1765 1312 1970 1399; x_wconf 85' lang='lat' dir='ltr'>consolatur,</span> <span class='ocrx_word' id='word_1_58' title='bbox 2003 1314 2097 1404; x_wconf 84' lang='lat' dir='ltr'>qnod</span> <span class='ocrx_word' id='word_1_59' title='bbox 2118 1316 2261 1386; x_wconf 83' lang='lat' dir='ltr'>candens</span> 
     </span>
     <span class='ocr_line' id='line_1_7' title="bbox 681 1435 2259 1546; baseline 0.003 -42"><span class='ocrx_word' id='word_1_60' title='bbox 681 1435 945 1539; x_wconf 81' lang='lat' dir='ltr'>disputationem</span> <span class='ocrx_word' id='word_1_61' title='bbox 960 1437 1110 1506; x_wconf 84' lang='lat' dir='ltr'>existimo</span> <span class='ocrx_word' id='word_1_62' title='bbox 1123 1444 1159 1504; x_wconf 88' lang='lat' dir='ltr'>et</span> <span class='ocrx_word' id='word_1_63' title='bbox 1172 1435 1218 1504; x_wconf 84' lang='lat' dir='ltr'>ad</span> <span class='ocrx_word' id='word_1_64' title='bbox 1238 1435 1464 1528; x_wconf 77' lang='lat' dir='ltr'>cognitionem</span> <span class='ocrx_word' id='word_1_65' title='bbox 1476 1436 1681 1504; x_wconf 85' lang='lat' dir='ltr'>utilissimam</span> <span class='ocrx_word' id='word_1_66' title='bbox 1694 1437 1841 1506; x_wconf 86' lang='lat' dir='ltr'>futuram</span> <span class='ocrx_word' id='word_1_67' title='bbox 1861 1445 1894 1506; x_wconf 91' lang='lat' dir='ltr'>et</span> <span class='ocrx_word' id='word_1_68' title='bbox 1916 1435 1961 1504; x_wconf 90' lang='lat' dir='ltr'>ad</span> <span class='ocrx_word' id='word_1_69' title='bbox 1975 1435 2121 1507; x_wconf 80' lang='lat' dir='ltr'>fructum</span> <span class='ocrx_word' id='word_1_70' title='bbox 2133 1439 2259 1546; x_wconf 73' lang='lat' dir='ltr'>juonis-</span> 
     </span>
     <span class='ocr_line' id='line_1_8' title="bbox 686 1551 2258 1652; baseline 0.002 -22"><span class='ocrx_word' id='word_1_71' title='bbox 686 1561 874 1650; x_wconf 65' lang='lat' dir='ltr'>dissimum,</span> <span class='ocrx_word' id='word_1_72' title='bbox 902 1558 1179 1651; x_wconf 84' lang='lat' dir='ltr'>quandoquidem</span> <span class='ocrx_word' id='word_1_73' title='bbox 1193 1551 1310 1652; x_wconf 82' lang='lat' dir='ltr'>¹ipsum</span> <span class='ocrx_word' id='word_1_74' title='bbox 1333 1581 1396 1652; x_wconf 84' lang='lat' dir='ltr'>per</span> <span class='ocrx_word' id='word_1_75' title='bbox 1419 1583 1456 1630; x_wconf 84' lang='lat' dir='ltr'>se</span> <span class='ocrx_word' id='word_1_76' title='bbox 1471 1559 1622 1650; x_wconf 73' lang='lat' dir='ltr'>docendi</span> <span class='ocrx_word' id='word_1_77' title='bbox 1638 1561 1802 1649; x_wconf 87' lang='lat' dir='ltr'>studium,</span> <span class='ocrx_word' id='word_1_78' title='bbox 1828 1567 1865 1628; x_wconf 89' lang='lat' dir='ltr'>ut</span> <span class='ocrx_word' id='word_1_79' title='bbox 1879 1558 1977 1628; x_wconf 90' lang='lat' dir='ltr'>Philo</span> <span class='ocrx_word' id='word_1_80' title='bbox 1995 1561 2055 1648; x_wconf 88' lang='lat' dir='ltr'>ait,</span> <span class='ocrx_word' id='word_1_81' title='bbox 2080 1563 2258 1634; x_wconf 86' lang='lat' dir='ltr'>incredibi-</span> 
     </span>
    </p>
   </div>
   <div class='ocr_carea' id='block_1_5' title="bbox 686 1683 2377 1779">
    <p class='ocr_par' dir='ltr' id='par_1_5' title="bbox 686 1683 2377 1779">
     <span class='ocr_line' id='line_1_9' title="bbox 686 1683 2377 1779; baseline 0.002 -27"><span class='ocrx_word' id='word_1_82' title='bbox 686 1683 867 1754; x_wconf 75' lang='lat' dir='ltr'>lesnaliert</span> <span class='ocrx_word' id='word_1_83' title='bbox 882 1685 1089 1777; x_wconf 79' lang='lat' dir='ltr'>voluptatem</span> <span class='ocrx_word' id='word_1_84' title='bbox 1105 1707 1145 1752; x_wconf 87' lang='lat' dir='ltr'>ac</span> <span class='ocrx_word' id='word_1_85' title='bbox 1157 1684 1324 1754; x_wconf 83' lang='lat' dir='ltr'>laetitiam</span> <span class='ocrx_word' id='word_1_86' title='bbox 1373 1685 1465 1754; x_wconf 87' lang='lat' dir='ltr'>Nam</span> <span class='ocrx_word' id='word_1_87' title='bbox 1489 1707 1593 1776; x_wconf 90' lang='lat' dir='ltr'>quum</span> <span class='ocrx_word' id='word_1_88' title='bbox 1610 1707 1674 1778; x_wconf 85' lang='lat' dir='ltr'>per</span> <span class='ocrx_word' id='word_1_89' title='bbox 1691 1707 1727 1752; x_wconf 87' lang='lat' dir='ltr'>se</span> <span class='ocrx_word' id='word_1_90' title='bbox 1744 1683 1879 1752; x_wconf 89' lang='lat' dir='ltr'>difficile</span> <span class='ocrx_word' id='word_1_91' title='bbox 1895 1684 1954 1771; x_wconf 90' lang='lat' dir='ltr'>sit,</span> <span class='ocrx_word' id='word_1_92' title='bbox 1987 1707 2074 1775; x_wconf 89' lang='lat' dir='ltr'>quae</span> <span class='ocrx_word' id='word_1_93' title='bbox 2096 1687 2259 1779; x_wconf 87' lang='lat' dir='ltr'>cujusque</span> <span class='ocrx_word' id='word_1_94' title='bbox 2370 1707 2377 1726; x_wconf 85' lang='grc'>’</span> 
     </span>
    </p>
   </div>
   <div class='ocr_carea' id='block_1_6' title="bbox 581 1807 2293 3527">
    <p class='ocr_par' dir='ltr' id='par_1_6' title="bbox 620 1807 2259 2780">
     <span class='ocr_line' id='line_1_10' title="bbox 687 1807 2258 1903; baseline 0.001 -26"><span class='ocrx_word' id='word_1_95' title='bbox 687 1809 855 1900; x_wconf 83' lang='lat' dir='ltr'>scriptoris</span> <span class='ocrx_word' id='word_1_96' title='bbox 871 1809 980 1879; x_wconf 84' lang='lat' dir='ltr'>nativa</span> <span class='ocrx_word' id='word_1_97' title='bbox 994 1819 1030 1878; x_wconf 81' lang='lat' dir='ltr'>et</span> <span class='ocrx_word' id='word_1_98' title='bbox 1045 1809 1228 1896; x_wconf 76' lang='lat' dir='ltr'>domestica</span> <span class='ocrx_word' id='word_1_99' title='bbox 1245 1811 1326 1900; x_wconf 80' lang='lat' dir='ltr'>sint,</span> <span class='ocrx_word' id='word_1_100' title='bbox 1352 1831 1483 1900; x_wconf 84' lang='lat' dir='ltr'>quaeve</span> <span class='ocrx_word' id='word_1_101' title='bbox 1502 1831 1648 1902; x_wconf 78' lang='lat' dir='ltr'>peregre</span> <span class='ocrx_word' id='word_1_102' title='bbox 1672 1807 1800 1876; x_wconf 86' lang='lat' dir='ltr'>adscita</span> <span class='ocrx_word' id='word_1_103' title='bbox 1821 1817 1855 1876; x_wconf 90' lang='lat' dir='ltr'>et</span> <span class='ocrx_word' id='word_1_104' title='bbox 1874 1817 2032 1900; x_wconf 87' lang='lat' dir='ltr'>accepta,</span> <span class='ocrx_word' id='word_1_105' title='bbox 2064 1809 2258 1903; x_wconf 82' lang='lat' dir='ltr'>dijudicare,</span> 
     </span>
     <span class='ocr_line' id='line_1_11' title="bbox 684 1930 2259 2028; baseline 0.004 -29"><span class='ocrx_word' id='word_1_106' title='bbox 684 1942 756 2000; x_wconf 86' lang='lat' dir='ltr'>turn</span> <span class='ocrx_word' id='word_1_107' title='bbox 780 1930 824 2001; x_wconf 87' lang='lat' dir='ltr'>de</span> <span class='ocrx_word' id='word_1_108' title='bbox 836 1933 976 2003; x_wconf 83' lang='lat' dir='ltr'><strong>Philone</strong></span> <span class='ocrx_word' id='word_1_109' title='bbox 994 1933 1190 2028; x_wconf 68' lang='lat' dir='ltr'>praesertin</span> <span class='ocrx_word' id='word_1_110' title='bbox 1209 1933 1403 2027; x_wconf 85' lang='lat' dir='ltr'>hujusmodi</span> <span class='ocrx_word' id='word_1_111' title='bbox 1421 1933 1588 2026; x_wconf 86' lang='lat' dir='ltr'>judicium</span> <span class='ocrx_word' id='word_1_112' title='bbox 1611 1931 1840 2000; x_wconf 86' lang='lat' dir='ltr'>difficillimum</span> <span class='ocrx_word' id='word_1_113' title='bbox 1858 1941 1931 2022; x_wconf 82' lang='lat' dir='ltr'>est,</span> <span class='ocrx_word' id='word_1_114' title='bbox 1954 1933 2065 2002; x_wconf 90' lang='lat' dir='ltr'>multis</span> <span class='ocrx_word' id='word_1_115' title='bbox 2080 1933 2124 2002; x_wconf 91' lang='lat' dir='ltr'>de</span> <span class='ocrx_word' id='word_1_116' title='bbox 2140 1936 2259 2010; x_wconf 81' lang='lat' dir='ltr'>causis.</span> 
     </span>
     <span class='ocr_line' id='line_1_12' title="bbox 686 2055 2258 2151; baseline 0.003 -27"><span class='ocrx_word' id='word_1_117' title='bbox 686 2055 835 2124; x_wconf 88' lang='lat' dir='ltr'>Primum</span> <span class='ocrx_word' id='word_1_118' title='bbox 847 2058 936 2126; x_wconf 84' lang='lat' dir='ltr'>en&#39;nn</span> <span class='ocrx_word' id='word_1_119' title='bbox 947 2059 1010 2128; x_wconf 89' lang='lat' dir='ltr'>ista</span> <span class='ocrx_word' id='word_1_120' title='bbox 1025 2059 1068 2128; x_wconf 89' lang='lat' dir='ltr'>de</span> <span class='ocrx_word' id='word_1_121' title='bbox 1083 2058 1265 2150; x_wconf 78' lang='lat' dir='ltr'>originibus</span> <span class='ocrx_word' id='word_1_122' title='bbox 1280 2058 1461 2128; x_wconf 82' lang='lat' dir='ltr'>Philoneae</span> <span class='ocrx_word' id='word_1_123' title='bbox 1472 2057 1652 2151; x_wconf 80' lang='lat' dir='ltr'>sapientiae</span> <span class='ocrx_word' id='word_1_124' title='bbox 1664 2057 1817 2148; x_wconf 76' lang='lat' dir='ltr'>quaestio</span> <span class='ocrx_word' id='word_1_125' title='bbox 1832 2079 1900 2126; x_wconf 89' lang='lat' dir='ltr'>non</span> <span class='ocrx_word' id='word_1_126' title='bbox 1914 2058 2020 2126; x_wconf 87' lang='lat' dir='ltr'>minus</span> <span class='ocrx_word' id='word_1_127' title='bbox 2035 2057 2191 2128; x_wconf 84' lang='lat' dir='ltr'>diffusam</span> <span class='ocrx_word' id='word_1_128' title='bbox 2205 2061 2258 2128; x_wconf 89' lang='lat' dir='ltr'>le·</span> 
     </span>
     <span class='ocr_line' id='line_1_13' title="bbox 683 2181 2256 2275; baseline 0.004 -28"><span class='ocrx_word' id='word_1_129' title='bbox 683 2181 830 2250; x_wconf 88' lang='lat' dir='ltr'>ctionem</span> <span class='ocrx_word' id='word_1_130' title='bbox 849 2190 883 2250; x_wconf 89' lang='lat' dir='ltr'>et</span> <span class='ocrx_word' id='word_1_131' title='bbox 895 2181 1083 2252; x_wconf 81' lang='lat' dir='ltr'>interiorem</span> <span class='ocrx_word' id='word_1_132' title='bbox 1098 2184 1268 2254; x_wconf 83' lang='lat' dir='ltr'>literarum</span> <span class='ocrx_word' id='word_1_133' title='bbox 1281 2183 1387 2252; x_wconf 86' lang='lat' dir='ltr'>omnis</span> <span class='ocrx_word' id='word_1_134' title='bbox 1402 2183 1533 2275; x_wconf 77' lang='lat' dir='ltr'>genesis</span> <span class='ocrx_word' id='word_1_135' title='bbox 1545 2191 1620 2252; x_wconf 86' lang='lat' dir='ltr'>tum</span> <span class='ocrx_word' id='word_1_136' title='bbox 1635 2181 1859 2271; x_wconf 80' lang='lat' dir='ltr'>orientdium,</span> <span class='ocrx_word' id='word_1_137' title='bbox 1885 2190 1956 2250; x_wconf 86' lang='lat' dir='ltr'>tum</span> <span class='ocrx_word' id='word_1_138' title='bbox 1972 2181 2179 2252; x_wconf 84' lang='lat' dir='ltr'>Graecarum</span> <span class='ocrx_word' id='word_1_139' title='bbox 2191 2206 2256 2272; x_wconf 86' lang='lat' dir='ltr'>no-</span> 
     </span>
     <span class='ocr_line' id='line_1_14' title="bbox 684 2283 2256 2401; baseline 0.003 -27"><span class='ocrx_word' id='word_1_140' title='bbox 684 2304 789 2374; x_wconf 85' lang='lat' dir='ltr'>titiam</span> <span class='ocrx_word' id='word_1_141' title='bbox 807 2305 962 2397; x_wconf 79' lang='lat' dir='ltr'>requirit,</span> <span class='ocrx_word' id='word_1_142' title='bbox 987 2329 1089 2396; x_wconf 83' lang='lat' dir='ltr'>qoam</span> <span class='ocrx_word' id='word_1_143' title='bbox 1107 2308 1295 2378; x_wconf 81' lang='lat' dir='ltr'>inPluilone</span> <span class='ocrx_word' id='word_1_144' title='bbox 1317 2308 1392 2401; x_wconf 91' lang='lat' dir='ltr'>ipso</span> <span class='ocrx_word' id='word_1_145' title='bbox 1414 2283 1648 2378; x_wconf 72' lang='lat' dir='ltr'>amulanium·</span> <span class='ocrx_word' id='word_1_146' title='bbox 1677 2295 1809 2376; x_wconf 86' lang='lat' dir='ltr'>Deinde</span> <span class='ocrx_word' id='word_1_147' title='bbox 1832 2329 1900 2376; x_wconf 88' lang='lat' dir='ltr'>non</span> <span class='ocrx_word' id='word_1_148' title='bbox 1923 2307 2024 2400; x_wconf 84' lang='lat' dir='ltr'>pauci</span> <span class='ocrx_word' id='word_1_149' title='bbox 2046 2307 2256 2400; x_wconf 83' lang='lat' dir='ltr'>scriptorum,</span> 
     </span>
     <span class='ocr_line' id='line_1_15' title="bbox 620 2429 2256 2527; baseline 0.002 -29"><span class='ocrx_word' id='word_1_150' title='bbox 620 2469 625 2476; x_wconf 92' lang='lat'><em>·</em></span> <span class='ocrx_word' id='word_1_151' title='bbox 687 2453 728 2498; x_wconf 86' lang='lat' dir='ltr'>ex</span> <span class='ocrx_word' id='word_1_152' title='bbox 743 2429 863 2521; x_wconf 90' lang='lat' dir='ltr'>quibus</span> <span class='ocrx_word' id='word_1_153' title='bbox 875 2431 976 2502; x_wconf 80' lang='lat' dir='ltr'>&#39;Philo</span> <span class='ocrx_word' id='word_1_154' title='bbox 996 2433 1165 2526; x_wconf 80' lang='lat' dir='ltr'>profecit,</span> <span class='ocrx_word' id='word_1_155' title='bbox 1181 2435 1257 2504; x_wconf 82' lang='lat' dir='ltr'>libri</span> <span class='ocrx_word' id='word_1_156' title='bbox 1278 2441 1336 2503; x_wconf 87' lang='lat' dir='ltr'>aut</span> <span class='ocrx_word' id='word_1_157' title='bbox 1352 2439 1514 2502; x_wconf 74' lang='lat' dir='ltr'>vomere</span> <span class='ocrx_word' id='word_1_158' title='bbox 1532 2433 1704 2527; x_wconf 86' lang='lat' dir='ltr'>perierunt</span> <span class='ocrx_word' id='word_1_159' title='bbox 1725 2454 1836 2524; x_wconf 90' lang='lat' dir='ltr'>neque</span> <span class='ocrx_word' id='word_1_160' title='bbox 1857 2453 1993 2521; x_wconf 88' lang='lat' dir='ltr'>eorum,</span> <span class='ocrx_word' id='word_1_161' title='bbox 2027 2431 2088 2500; x_wconf 87' lang='lat' dir='ltr'>nisi</span> <span class='ocrx_word' id='word_1_162' title='bbox 2108 2433 2256 2526; x_wconf 83' lang='lat' dir='ltr'>paucula</span> 
     </span>
     <span class='ocr_line' id='line_1_16' title="bbox 685 2537 2255 2652; baseline 0.001 -27"><span class='ocrx_word' id='word_1_163' title='bbox 685 2556 855 2646; x_wconf 86' lang='lat' dir='ltr'>quaedam</span> <span class='ocrx_word' id='word_1_164' title='bbox 870 2537 1077 2649; x_wconf 58' lang='lat' dir='ltr'>framenta,</span> <span class='ocrx_word' id='word_1_165' title='bbox 1102 2553 1146 2628; x_wconf 86' lang='lat' dir='ltr'>a&#39;d</span> <span class='ocrx_word' id='word_1_166' title='bbox 1159 2569 1308 2632; x_wconf 85' lang='lat' dir='ltr'>nostram</span> <span class='ocrx_word' id='word_1_167' title='bbox 1327 2559 1521 2644; x_wconf 79' lang='lat' dir='ltr'>memoriam</span> <span class='ocrx_word' id='word_1_168' title='bbox 1540 2565 1779 2652; x_wconf 84' lang='lat' dir='ltr'>pervenerunt,</span> <span class='ocrx_word' id='word_1_169' title='bbox 1808 2556 1976 2646; x_wconf 88' lang='lat' dir='ltr'>inquibus</span> <span class='ocrx_word' id='word_1_170' title='bbox 1991 2552 2155 2630; x_wconf 68' lang='lat' dir='ltr'>saonece</span> <span class='ocrx_word' id='word_1_171' title='bbox 2173 2555 2255 2649; x_wconf 90' lang='lat' dir='ltr'>phi-</span> 
     </span>
     <span class='ocr_line' id='line_1_17' title="bbox 626 2679 2254 2780; baseline 0.001 -32"><span class='ocrx_word' id='word_1_172' title='bbox 626 2753 629 2758; x_wconf 56' lang='lat'>,</span> <span class='ocrx_word' id='word_1_173' title='bbox 684 2679 859 2772; x_wconf 89' lang='lat' dir='ltr'>losophiae</span> <span class='ocrx_word' id='word_1_174' title='bbox 875 2683 1052 2775; x_wconf 78' lang='lat' dir='ltr'>scriptores</span> <span class='ocrx_word' id='word_1_175' title='bbox 1066 2696 1217 2774; x_wconf 76' lang='lat' dir='ltr'>veteres„</span> <span class='ocrx_word' id='word_1_176' title='bbox 1242 2685 1536 2780; x_wconf 78' lang='lat' dir='ltr'>Pythagoreorum</span> <span class='ocrx_word' id='word_1_177' title='bbox 1549 2683 1733 2772; x_wconf 77' lang='lat' dir='ltr'>solandos,</span> <span class='ocrx_word' id='word_1_178' title='bbox 1761 2681 1922 2750; x_wconf 79' lang='lat' dir='ltr'>Heracliti</span> <span class='ocrx_word' id='word_1_179' title='bbox 1945 2680 2067 2748; x_wconf 88' lang='lat' dir='ltr'>librum</span> <span class='ocrx_word' id='word_1_180' title='bbox 2084 2680 2128 2752; x_wconf 91' lang='lat' dir='ltr'>de</span> <span class='ocrx_word' id='word_1_181' title='bbox 2142 2705 2254 2750; x_wconf 88' lang='lat' dir='ltr'>rerum</span> 
     </span>
    </p>

    <p class='ocr_par' dir='ltr' id='par_1_7' title="bbox 581 2779 2293 3527">
     <span class='ocr_line' id='line_1_18' title="bbox 685 2779 2293 2901; baseline -0.001 -25"><span class='ocrx_word' id='word_1_182' title='bbox 685 2814 818 2894; x_wconf 88' lang='lat' dir='ltr'>natura,</span> <span class='ocrx_word' id='word_1_183' title='bbox 853 2797 1035 2880; x_wconf 85' lang='lat' dir='ltr'>Democriti</span> <span class='ocrx_word' id='word_1_184' title='bbox 1050 2819 1200 2901; x_wconf 86' lang='lat' dir='ltr'>centum,</span> <span class='ocrx_word' id='word_1_185' title='bbox 1235 2821 1272 2882; x_wconf 90' lang='lat' dir='ltr'>nt</span> <span class='ocrx_word' id='word_1_186' title='bbox 1293 2813 1441 2882; x_wconf 87' lang='lat' dir='ltr'>nonnulli</span> <span class='ocrx_word' id='word_1_187' title='bbox 1456 2811 1587 2898; x_wconf 66' lang='lat' dir='ltr'>‘donat</span> <span class='ocrx_word' id='word_1_188' title='bbox 1610 2817 1667 2878; x_wconf 87' lang='lat' dir='ltr'>aut</span> <span class='ocrx_word' id='word_1_189' title='bbox 1689 2816 1875 2876; x_wconf 86' lang='lat' dir='ltr'>tercentum</span> <span class='ocrx_word' id='word_1_190' title='bbox 1892 2805 1979 2875; x_wconf 89' lang='lat' dir='ltr'>adeo</span> <span class='ocrx_word' id='word_1_191' title='bbox 1990 2806 2121 2875; x_wconf 85' lang='lat' dir='ltr'>talentis</span> <span class='ocrx_word' id='word_1_192' title='bbox 2135 2805 2254 2876; x_wconf 88' lang='lat' dir='ltr'>Atticis</span> <span class='ocrx_word' id='word_1_193' title='bbox 2289 2779 2293 2788; x_wconf 48' lang='grc'><strong>’</strong></span> 
     </span>
     <span class='ocr_line' id='line_1_19' title="bbox 684 2930 2253 3029; baseline -0.002 -28"><span class='ocrx_word' id='word_1_194' title='bbox 684 2931 891 3014; x_wconf 76' lang='lat' dir='ltr'>aestimatum</span> <span class='ocrx_word' id='word_1_195' title='bbox 904 2955 1064 3025; x_wconf 70' lang='lat' dir='ltr'>magnum</span> <span class='ocrx_word' id='word_1_196' title='bbox 1078 2933 1300 3029; x_wconf 87' lang='lat' dir='ltr'>diacosmum,</span> <span class='ocrx_word' id='word_1_197' title='bbox 1327 2939 1549 3028; x_wconf 81' lang='lat' dir='ltr'>Anaxagorae</span> <span class='ocrx_word' id='word_1_198' title='bbox 1570 2934 1714 3024; x_wconf 89' lang='lat' dir='ltr'>denique</span> <span class='ocrx_word' id='word_1_199' title='bbox 1728 2931 1850 3023; x_wconf 83' lang='lat' dir='ltr'>scripta</span> <span class='ocrx_word' id='word_1_200' title='bbox 1865 2930 2001 2999; x_wconf 87' lang='lat' dir='ltr'>honoris</span> <span class='ocrx_word' id='word_1_201' title='bbox 2023 2952 2123 2998; x_wconf 86' lang='lat' dir='ltr'>causa</span> <span class='ocrx_word' id='word_1_202' title='bbox 2143 2931 2253 2998; x_wconf 89' lang='lat' dir='ltr'>nomi-</span> 
     </span>
     <span class='ocr_line' id='line_1_20' title="bbox 581 3053 2252 3155; baseline -0.004 -29"><span class='ocrx_word' id='word_1_203' title='bbox 581 3112 588 3126; x_wconf 93' lang='lat'><strong><em>.</em></strong></span> <span class='ocrx_word' id='word_1_204' title='bbox 685 3077 766 3126; x_wconf 84' lang='lat' dir='ltr'>nare</span> <span class='ocrx_word' id='word_1_205' title='bbox 787 3055 903 3128; x_wconf 79' lang='lat' dir='ltr'>liceat:</span> <span class='ocrx_word' id='word_1_206' title='bbox 937 3066 994 3130; x_wconf 81' lang='lat' dir='ltr'>ard</span> <span class='ocrx_word' id='word_1_207' title='bbox 1012 3059 1162 3128; x_wconf 88' lang='lat' dir='ltr'>nondum</span> <span class='ocrx_word' id='word_1_208' title='bbox 1177 3061 1222 3132; x_wconf 87' lang='lat' dir='ltr'>ito</span> <span class='ocrx_word' id='word_1_209' title='bbox 1235 3062 1454 3155; x_wconf 75' lang='lat' dir='ltr'>pervestigeti</span> <span class='ocrx_word' id='word_1_210' title='bbox 1474 3071 1550 3132; x_wconf 89' lang='lat' dir='ltr'>sunt</span> <span class='ocrx_word' id='word_1_211' title='bbox 1567 3059 1766 3153; x_wconf 88' lang='lat' dir='ltr'>penitusque</span> <span class='ocrx_word' id='word_1_212' title='bbox 1794 3055 1934 3148; x_wconf 80' lang='lat' dir='ltr'>cogniti,</span> <span class='ocrx_word' id='word_1_213' title='bbox 1970 3062 2025 3144; x_wconf 91' lang='lat' dir='ltr'>ut,</span> <span class='ocrx_word' id='word_1_214' title='bbox 2053 3076 2139 3144; x_wconf 90' lang='lat' dir='ltr'>quae</span> <span class='ocrx_word' id='word_1_215' title='bbox 2158 3053 2199 3120; x_wconf 88' lang='lat' dir='ltr'>sit</span> <span class='ocrx_word' id='word_1_216' title='bbox 2214 3053 2252 3120; x_wconf 86' lang='lat' dir='ltr'>iis</span> 
     </span>
     <span class='ocr_line' id='line_1_21' title="bbox 685 3178 2253 3276; baseline 0.003 -28"><span class='ocrx_word' id='word_1_217' title='bbox 685 3179 863 3250; x_wconf 85' lang='lat' dir='ltr'>auctoritas</span> <span class='ocrx_word' id='word_1_218' title='bbox 875 3181 1071 3270; x_wconf 79' lang='lat' dir='ltr'>tribuenda,</span> <span class='ocrx_word' id='word_1_219' title='bbox 1097 3183 1223 3273; x_wconf 87' lang='lat' dir='ltr'>liquido</span> <span class='ocrx_word' id='word_1_220' title='bbox 1237 3195 1382 3274; x_wconf 82' lang='lat' dir='ltr'>constet,</span> <span class='ocrx_word' id='word_1_221' title='bbox 1407 3185 1444 3256; x_wconf 92' lang='lat' dir='ltr'>id</span> <span class='ocrx_word' id='word_1_222' title='bbox 1458 3183 1550 3276; x_wconf 89' lang='lat' dir='ltr'>quod</span> <span class='ocrx_word' id='word_1_223' title='bbox 1568 3183 1829 3270; x_wconf 82' lang='lat' dir='ltr'>chinensium,</span> <span class='ocrx_word' id='word_1_224' title='bbox 1855 3179 2032 3267; x_wconf 88' lang='lat' dir='ltr'>ludorum,</span> <span class='ocrx_word' id='word_1_225' title='bbox 2063 3178 2253 3252; x_wconf 73' lang='lat' dir='ltr'>Persarum,</span> 
     </span>
     <span class='ocr_line' id='line_1_22' title="bbox 681 3299 2252 3401; baseline -0.004 -25"><span class='ocrx_word' id='word_1_226' title='bbox 681 3303 952 3394; x_wconf 74' lang='lat' dir='ltr'>Chaldaeorum,</span> <span class='ocrx_word' id='word_1_227' title='bbox 978 3307 1224 3401; x_wconf 67' lang='lat' dir='ltr'>Aegyptiorum</span> <span class='ocrx_word' id='word_1_228' title='bbox 1241 3311 1333 3380; x_wconf 84' lang='lat' dir='ltr'>libris</span> <span class='ocrx_word' id='word_1_229' title='bbox 1353 3320 1387 3382; x_wconf 88' lang='lat' dir='ltr'>et</span> <span class='ocrx_word' id='word_1_230' title='bbox 1399 3307 1622 3382; x_wconf 88' lang='lat' dir='ltr'>monumentis</span> <span class='ocrx_word' id='word_1_231' title='bbox 1643 3305 1743 3377; x_wconf 87' lang='lat' dir='ltr'>sacris</span> <span class='ocrx_word' id='word_1_232' title='bbox 1764 3299 1861 3376; x_wconf 80' lang='lat' dir='ltr'>valet</span> <span class='ocrx_word' id='word_1_233' title='bbox 1911 3301 2069 3392; x_wconf 88' lang='lat' dir='ltr'>Accedit,</span> <span class='ocrx_word' id='word_1_234' title='bbox 2106 3299 2198 3393; x_wconf 89' lang='lat' dir='ltr'>quod</span> <span class='ocrx_word' id='word_1_235' title='bbox 2218 3300 2252 3370; x_wconf 90' lang='lat' dir='ltr'>in</span> 
     </span>
     <span class='ocr_line' id='line_1_23' title="bbox 681 3426 2253 3527; baseline -0.006 -25"><span class='ocrx_word' id='word_1_236' title='bbox 681 3430 822 3502; x_wconf 85' lang='lat' dir='ltr'>citandis</span> <span class='ocrx_word' id='word_1_237' title='bbox 840 3431 1047 3519; x_wconf 83' lang='lat' dir='ltr'>auctoribus,</span> <span class='ocrx_word' id='word_1_238' title='bbox 1066 3433 1150 3502; x_wconf 83' lang='lat' dir='ltr'>licet</span> <span class='ocrx_word' id='word_1_239' title='bbox 1165 3457 1233 3506; x_wconf 89' lang='lat' dir='ltr'>non</span> <span class='ocrx_word' id='word_1_240' title='bbox 1249 3434 1442 3527; x_wconf 72' lang='lat' dir='ltr'>infrequens</span> <span class='ocrx_word' id='word_1_241' title='bbox 1453 3433 1553 3506; x_wconf 87' lang='lat' dir='ltr'>Philo</span> <span class='ocrx_word' id='word_1_242' title='bbox 1568 3430 1625 3517; x_wconf 89' lang='lat' dir='ltr'>sit,</span> <span class='ocrx_word' id='word_1_243' title='bbox 1657 3439 1770 3500; x_wconf 72' lang='lat' dir='ltr'>hmen</span> <span class='ocrx_word' id='word_1_244' title='bbox 1780 3451 1858 3499; x_wconf 89' lang='lat' dir='ltr'>eum</span> <span class='ocrx_word' id='word_1_245' title='bbox 1867 3449 1998 3498; x_wconf 86' lang='lat' dir='ltr'>morem</span> <span class='ocrx_word' id='word_1_246' title='bbox 2013 3426 2180 3518; x_wconf 28' lang='lat' dir='ltr'>*aequitum</span> <span class='ocrx_word' id='word_1_247' title='bbox 2215 3433 2253 3494; x_wconf 93' lang='lat' dir='ltr'>ut</span> 
     </span>
    </p>
   </div>
   <div class='ocr_carea' id='block_1_7' title="bbox 681 3545 2426 3778">
    <p class='ocr_par' dir='ltr' id='par_1_8' title="bbox 681 3545 2426 3778">
     <span class='ocr_line' id='line_1_24' title="bbox 681 3545 2397 3670; baseline 0 -48"><span class='ocrx_word' id='word_1_248' title='bbox 681 3577 760 3624; x_wconf 88' lang='lat' dir='ltr'>raro</span> <span class='ocrx_word' id='word_1_249' title='bbox 773 3553 955 3624; x_wconf 78' lang='lat' dir='ltr'>admodum</span> <span class='ocrx_word' id='word_1_250' title='bbox 970 3557 1044 3648; x_wconf 85' lang='lat' dir='ltr'>ipsa</span> <span class='ocrx_word' id='word_1_251' title='bbox 1053 3579 1173 3628; x_wconf 86' lang='lat' dir='ltr'>eorum</span> <span class='ocrx_word' id='word_1_252' title='bbox 1186 3560 1323 3670; x_wconf 88' lang='lat' dir='ltr'>nomina</span> <span class='ocrx_word' id='word_1_253' title='bbox 1335 3568 1491 3653; x_wconf 82' lang='lat' dir='ltr'>usurpet,</span> <span class='ocrx_word' id='word_1_254' title='bbox 1519 3553 1655 3627; x_wconf 87' lang='lat' dir='ltr'>solemni</span> <span class='ocrx_word' id='word_1_255' title='bbox 1666 3553 1739 3624; x_wconf 78' lang='lat' dir='ltr'>fere</span> <span class='ocrx_word' id='word_1_256' title='bbox 1757 3553 1902 3624; x_wconf 78' lang='lat' dir='ltr'>formula</span> <span class='ocrx_word' id='word_1_257' title='bbox 1916 3573 1993 3620; x_wconf 88' lang='lat' dir='ltr'>usus</span> <span class='ocrx_word' id='word_1_258' title='bbox 2006 3549 2088 3620; x_wconf 86' lang='lat' dir='ltr'>hac:</span> <span class='ocrx_word' id='word_1_259' title='bbox 2113 3545 2253 3652; x_wconf 58' lang='lat' dir='ltr'>deponi</span> <span class='ocrx_word' id='word_1_260' title='bbox 2393 3553 2397 3563; x_wconf 86' lang='grc'><strong>“</strong></span> 
     </span>
     <span class='ocr_line' id='line_1_25' title="bbox 684 3673 2426 3778; baseline -0.005 -26"><span class='ocrx_word' id='word_1_261' title='bbox 684 3703 785 3768; x_wconf 77' lang='grc' dir='ltr'>τινες,</span> <span class='ocrx_word' id='word_1_262' title='bbox 821 3673 1057 3766; x_wconf 72' lang='grc' dir='ltr'>ὦςὸπσλιιιῶιι</span> <span class='ocrx_word' id='word_1_263' title='bbox 1067 3677 1173 3776; x_wconf 76' lang='grc' dir='ltr'>λόγος.</span> <span class='ocrx_word' id='word_1_264' title='bbox 1225 3685 1317 3754; x_wconf 80' lang='lat' dir='ltr'>Tum</span> <span class='ocrx_word' id='word_1_265' title='bbox 1336 3695 1419 3778; x_wconf 86' lang='lat' dir='ltr'>post</span> <span class='ocrx_word' id='word_1_266' title='bbox 1434 3684 1661 3776; x_wconf 77' lang='lat' dir='ltr'>Mangeyum,</span> <span class='ocrx_word' id='word_1_267' title='bbox 1701 3688 1740 3748; x_wconf 89' lang='lat' dir='ltr'>ut</span> <span class='ocrx_word' id='word_1_268' title='bbox 1770 3676 1851 3764; x_wconf 82' lang='lat' dir='ltr'>diri,</span> <span class='ocrx_word' id='word_1_269' title='bbox 1871 3701 1893 3746; x_wconf 89' lang='lat' dir='ltr'>a</span> <span class='ocrx_word' id='word_1_270' title='bbox 1913 3676 2045 3746; x_wconf 80' lang='lat' dir='ltr'>nensine</span> <span class='ocrx_word' id='word_1_271' title='bbox 2069 3696 2250 3766; x_wconf 82' lang='lat' dir='ltr'>quoquam,</span> <span class='ocrx_word' id='word_1_272' title='bbox 2281 3711 2283 3716; x_wconf 96' lang='lat'>·</span> <span class='ocrx_word' id='word_1_273' title='bbox 2423 3683 2426 3692; x_wconf 83' lang='grc'>’</span> 
     </span>
    </p>
   </div>
   <div class='ocr_carea' id='block_1_8' title="bbox 685 3793 2325 3898">
    <p class='ocr_par' dir='ltr' id='par_1_9' title="bbox 685 3793 2325 3898">
     <span class='ocr_line' id='line_1_26' title="bbox 685 3793 2325 3898; baseline -0.002 -25"><span class='ocrx_word' id='word_1_274' title='bbox 685 3803 779 3895; x_wconf 80' lang='lat' dir='ltr'>quod</span> <span class='ocrx_word' id='word_1_275' title='bbox 798 3793 911 3892; x_wconf 82' lang='lat' dir='ltr'>sciam,</span> <span class='ocrx_word' id='word_1_276' title='bbox 924 3803 951 3874; x_wconf 83' lang='lat' dir='ltr'>si</span> <span class='ocrx_word' id='word_1_277' title='bbox 963 3801 1189 3880; x_wconf 81' lang='lat' dir='ltr'>Mochemirnn</span> <span class='ocrx_word' id='word_1_278' title='bbox 1202 3809 1452 3886; x_wconf 84' lang='lat' dir='ltr'>etBruclrerum</span> <span class='ocrx_word' id='word_1_279' title='bbox 1467 3805 1649 3898; x_wconf 78' lang='lat' dir='ltr'>exceperis,</span> <span class='ocrx_word' id='word_1_280' title='bbox 1664 3803 1748 3872; x_wconf 86' lang='lat' dir='ltr'>haec</span> <span class='ocrx_word' id='word_1_281' title='bbox 1757 3803 1878 3870; x_wconf 88' lang='lat' dir='ltr'>semita</span> <span class='ocrx_word' id='word_1_282' title='bbox 1896 3802 1973 3872; x_wconf 83' lang='lat' dir='ltr'>tn‘ta</span> <span class='ocrx_word' id='word_1_283' title='bbox 1984 3810 2046 3888; x_wconf 86' lang='lat' dir='ltr'>est,</span> <span class='ocrx_word' id='word_1_284' title='bbox 2058 3800 2106 3870; x_wconf 83' lang='lat' dir='ltr'>ab</span> <span class='ocrx_word' id='word_1_285' title='bbox 2120 3799 2172 3868; x_wconf 86' lang='lat' dir='ltr'>his</span> <span class='ocrx_word' id='word_1_286' title='bbox 2187 3821 2250 3870; x_wconf 89' lang='lat' dir='ltr'>au-</span> <span class='ocrx_word' id='word_1_287' title='bbox 2324 3815 2325 3822; x_wconf 77' lang='grc'>’</span> 
     </span>
    </p>
   </div>
   <div class='ocr_carea' id='block_1_9' title="bbox 684 3909 2377 4022">
    <p class='ocr_par' dir='ltr' id='par_1_10' title="bbox 684 3909 2377 4022">
     <span class='ocr_line' id='line_1_27' title="bbox 684 3909 2377 4022; baseline -0.004 -24"><span class='ocrx_word' id='word_1_288' title='bbox 684 3939 752 4000; x_wconf 88' lang='lat' dir='ltr'>tem</span> <span class='ocrx_word' id='word_1_289' title='bbox 768 3928 902 3998; x_wconf 83' lang='lat' dir='ltr'>summis</span> <span class='ocrx_word' id='word_1_290' title='bbox 916 3929 991 4002; x_wconf 79' lang='lat' dir='ltr'>siris</span> <span class='ocrx_word' id='word_1_291' title='bbox 1005 3952 1050 4000; x_wconf 87' lang='lat' dir='ltr'>ea</span> <span class='ocrx_word' id='word_1_292' title='bbox 1061 3934 1236 4022; x_wconf 85' lang='lat' dir='ltr'>provincia</span> <span class='ocrx_word' id='word_1_293' title='bbox 1249 3935 1295 4005; x_wconf 83' lang='lat' dir='ltr'>ite</span> <span class='ocrx_word' id='word_1_294' title='bbox 1309 3935 1563 4021; x_wconf 73' lang='lat' dir='ltr'>administrata,</span> <span class='ocrx_word' id='word_1_295' title='bbox 1575 3939 1613 4002; x_wconf 86' lang='lat' dir='ltr'>nt</span> <span class='ocrx_word' id='word_1_296' title='bbox 1633 3930 1742 4000; x_wconf 84' lang='lat' dir='ltr'>obiter</span> <span class='ocrx_word' id='word_1_297' title='bbox 1759 3925 1990 3998; x_wconf 84' lang='lat' dir='ltr'>tantummodo</span> <span class='ocrx_word' id='word_1_298' title='bbox 2003 3933 2039 3994; x_wconf 87' lang='lat' dir='ltr'>et</span> <span class='ocrx_word' id='word_1_299' title='bbox 2053 3923 2146 4018; x_wconf 84' lang='lat' dir='ltr'>quasi</span> <span class='ocrx_word' id='word_1_300' title='bbox 2158 3923 2250 3994; x_wconf 86' lang='lat' dir='ltr'>alind</span> <span class='ocrx_word' id='word_1_301' title='bbox 2371 3909 2377 3922; x_wconf 21' lang='grc' dir='ltr'><em>κ</em></span> 
     </span>
    </p>
   </div>
   <div class='ocr_carea' id='block_1_10' title="bbox 638 4047 2249 4392">
    <p class='ocr_par' dir='ltr' id='par_1_11' title="bbox 638 4047 2249 4392">
     <span class='ocr_line' id='line_1_28' title="bbox 638 4047 2249 4162; baseline -0.002 -40"><span class='ocrx_word' id='word_1_302' title='bbox 638 4118 644 4131; x_wconf 90' lang='grc'><em>,</em></span> <span class='ocrx_word' id='word_1_303' title='bbox 684 4051 817 4148; x_wconf 83' lang='lat' dir='ltr'>agendo</span> <span class='ocrx_word' id='word_1_304' title='bbox 833 4050 942 4162; x_wconf 80' lang='lat' dir='ltr'>sontes</span> <span class='ocrx_word' id='word_1_305' title='bbox 955 4051 1103 4124; x_wconf 88' lang='lat' dir='ltr'>Philonis</span> <span class='ocrx_word' id='word_1_306' title='bbox 1117 4054 1310 4146; x_wconf 84' lang='lat' dir='ltr'>indicarent,</span> <span class='ocrx_word' id='word_1_307' title='bbox 1340 4070 1378 4129; x_wconf 90' lang='lat' dir='ltr'>ut</span> <span class='ocrx_word' id='word_1_308' title='bbox 1394 4059 1469 4127; x_wconf 83' lang='lat' dir='ltr'>iere</span> <span class='ocrx_word' id='word_1_309' title='bbox 1491 4056 1630 4149; x_wconf 90' lang='lat' dir='ltr'>proprio</span> <span class='ocrx_word' id='word_1_310' title='bbox 1640 4053 1752 4122; x_wconf 89' lang='lat' dir='ltr'>Marte</span> <span class='ocrx_word' id='word_1_311' title='bbox 1768 4054 1809 4122; x_wconf 90' lang='lat' dir='ltr'>sit</span> <span class='ocrx_word' id='word_1_312' title='bbox 1819 4074 1872 4120; x_wconf 89' lang='lat' dir='ltr'>res</span> <span class='ocrx_word' id='word_1_313' title='bbox 1885 4048 2063 4150; x_wconf 30' lang='lat' dir='ltr'>gerenda,</span> <span class='ocrx_word' id='word_1_314' title='bbox 2094 4047 2249 4140; x_wconf 76' lang='lat' dir='ltr'>Denique</span> 
     </span>
     <span class='ocr_line' id='line_1_29' title="bbox 682 4173 2247 4272; baseline -0.006 -21"><span class='ocrx_word' id='word_1_315' title='bbox 682 4178 764 4247; x_wconf 85' lang='lat' dir='ltr'>dum</span> <span class='ocrx_word' id='word_1_316' title='bbox 774 4177 863 4246; x_wconf 81' lang='lat' dir='ltr'>haec</span> <span class='ocrx_word' id='word_1_317' title='bbox 875 4175 957 4244; x_wconf 71' lang='lat' dir='ltr'>ona</span> <span class='ocrx_word' id='word_1_318' title='bbox 970 4177 1220 4272; x_wconf 76' lang='lat' dir='ltr'>investigantur,</span> <span class='ocrx_word' id='word_1_319' title='bbox 1247 4179 1445 4272; x_wconf 82' lang='lat' dir='ltr'>praesertim</span> <span class='ocrx_word' id='word_1_320' title='bbox 1461 4200 1565 4268; x_wconf 89' lang='lat' dir='ltr'>quum</span> <span class='ocrx_word' id='word_1_321' title='bbox 1576 4178 1706 4247; x_wconf 84' lang='lat' dir='ltr'>lexicon</span> <span class='ocrx_word' id='word_1_322' title='bbox 1721 4175 1918 4246; x_wconf 86' lang='lat' dir='ltr'>Philoneum</span> <span class='ocrx_word' id='word_1_323' title='bbox 1936 4173 2087 4242; x_wconf 90' lang='lat' dir='ltr'>nondum</span> <span class='ocrx_word' id='word_1_324' title='bbox 2106 4173 2147 4242; x_wconf 91' lang='lat' dir='ltr'>sit</span> <span class='ocrx_word' id='word_1_325' title='bbox 2163 4195 2247 4242; x_wconf 91' lang='lat' dir='ltr'>con-</span> 
     </span>
     <span class='ocr_line' id='line_1_30' title="bbox 683 4297 2248 4392; baseline 0.001 -26"><span class='ocrx_word' id='word_1_326' title='bbox 683 4297 806 4387; x_wconf 89' lang='lat' dir='ltr'>ditum,</span> <span class='ocrx_word' id='word_1_327' title='bbox 838 4300 987 4388; x_wconf 79' lang='lat' dir='ltr'>quamuis</span> <span class='ocrx_word' id='word_1_328' title='bbox 1007 4321 1084 4372; x_wconf 84' lang='lat' dir='ltr'>curn</span> <span class='ocrx_word' id='word_1_329' title='bbox 1105 4301 1217 4376; x_wconf 82' lang='lat' dir='ltr'>studio</span> <span class='ocrx_word' id='word_1_330' title='bbox 1238 4305 1466 4381; x_wconf 82' lang='lat' dir='ltr'>ardentissimo</span> <span class='ocrx_word' id='word_1_331' title='bbox 1489 4304 1600 4376; x_wconf 82' lang='lat' dir='ltr'>omnia</span> <span class='ocrx_word' id='word_1_332' title='bbox 1623 4324 1662 4372; x_wconf 88' lang='lat' dir='ltr'>ac</span> <span class='ocrx_word' id='word_1_333' title='bbox 1676 4301 1806 4392; x_wconf 85' lang='lat' dir='ltr'>singula</span> <span class='ocrx_word' id='word_1_334' title='bbox 1820 4297 2012 4392; x_wconf 74' lang='lat' dir='ltr'>erpusceurh&#39;</span> <span class='ocrx_word' id='word_1_335' title='bbox 2030 4319 2104 4367; x_wconf 85' lang='lat' dir='ltr'>rem</span> <span class='ocrx_word' id='word_1_336' title='bbox 2117 4305 2248 4370; x_wconf 63' lang='lat' dir='ltr'>menna</span> 
     </span>
    </p>
   </div>
   <div class='ocr_carea' id='block_1_11' title="bbox 765 4628 2362 5030">
    <p class='ocr_par' dir='ltr' id='par_1_12' title="bbox 765 4628 2362 5030">
     <span class='ocr_line' id='line_1_31' title="bbox 765 4628 2343 4726; baseline -0.002 -29"><span class='ocrx_word' id='word_1_337' title='bbox 765 4633 806 4716; x_wconf 86' lang='lat'>¹¹)</span> <span class='ocrx_word' id='word_1_338' title='bbox 827 4628 1038 4719; x_wconf 64' lang='lat' dir='ltr'>easily-sc,</span> <span class='ocrx_word' id='word_1_339' title='bbox 1066 4642 1269 4725; x_wconf 58' lang='lat' dir='ltr'>beolario,</span> <span class='ocrx_word' id='word_1_340' title='bbox 1298 4641 1496 4726; x_wconf 68' lang='lat' dir='ltr'>dcoioyio</span> <span class='ocrx_word' id='word_1_341' title='bbox 1517 4640 1689 4703; x_wconf 82' lang='lat' dir='ltr'>nonaoiom</span> <span class='ocrx_word' id='word_1_342' title='bbox 1705 4633 1851 4718; x_wconf 67' lang='lat' dir='ltr'>de&#39;poitis</span> <span class='ocrx_word' id='word_1_343' title='bbox 1871 4635 2104 4720; x_wconf 85' lang='lat' dir='ltr'>philosophicis,</span> <span class='ocrx_word' id='word_1_344' title='bbox 2126 4653 2247 4694; x_wconf 67' lang='lat' dir='ltr'>menso-</span> <span class='ocrx_word' id='word_1_345' title='bbox 2337 4651 2343 4674; x_wconf 82' lang='lat'><strong>¹</strong></span> 
     </span>
     <span class='ocr_line' id='line_1_32' title="bbox 806 4733 2362 4828; baseline 0.005 -32"><span class='ocrx_word' id='word_1_346' title='bbox 806 4737 910 4817; x_wconf 82' lang='lat' dir='ltr'>goniae</span> <span class='ocrx_word' id='word_1_347' title='bbox 927 4739 1143 4821; x_wconf 86' lang='lat' dir='ltr'>conditoribus,</span> <span class='ocrx_word' id='word_1_348' title='bbox 1167 4745 1361 4828; x_wconf 77' lang='lat' dir='ltr'>Xenophane,</span> <span class='ocrx_word' id='word_1_349' title='bbox 1383 4745 1567 4824; x_wconf 76' lang='lat' dir='ltr'>Permesside,</span> <span class='ocrx_word' id='word_1_350' title='bbox 1590 4741 1767 4824; x_wconf 85' lang='lat' dir='ltr'>Empedocle</span> <span class='ocrx_word' id='word_1_351' title='bbox 1782 4740 1901 4818; x_wconf 80' lang='lat' dir='ltr'>dicitur,-</span> <span class='ocrx_word' id='word_1_352' title='bbox 1923 4743 1959 4816; x_wconf 82' lang='lat'>3,</span> <span class='ocrx_word' id='word_1_353' title='bbox 1978 4743 2011 4814; x_wconf 76' lang='grc'>8.</span> <span class='ocrx_word' id='word_1_354' title='bbox 2039 4736 2172 4812; x_wconf 77' lang='lat' dir='ltr'>Arm.1‚,</span> <span class='ocrx_word' id='word_1_355' title='bbox 2193 4735 2245 4811; x_wconf 79' lang='lat'>74,</span> <span class='ocrx_word' id='word_1_356' title='bbox 2300 4733 2303 4742; x_wconf 73' lang='grc'><strong>’</strong></span> <span class='ocrx_word' id='word_1_357' title='bbox 2358 4805 2362 4811; x_wconf 71' lang='grc'>,</span> 
     </span>
     <span class='ocr_line' id='line_1_33' title="bbox 805 4835 2245 4929; baseline -0.014 -13"><span class='ocrx_word' id='word_1_358' title='bbox 805 4844 856 4908; x_wconf 76' lang='lat'>29·</span> <span class='ocrx_word' id='word_1_359' title='bbox 870 4843 921 4914; x_wconf 81' lang='lat'>76,</span> <span class='ocrx_word' id='word_1_360' title='bbox 938 4845 987 4906; x_wconf 84' lang='lat'>11·</span> <span class='ocrx_word' id='word_1_361' title='bbox 1009 4846 1070 4920; x_wconf 77' lang='lat'>26,</span> <span class='ocrx_word' id='word_1_362' title='bbox 1081 4849 1135 4908; x_wconf 71' lang='lat' dir='ltr'>ted</span> <span class='ocrx_word' id='word_1_363' title='bbox 1149 4848 1292 4929; x_wconf 79' lang='lat' dir='ltr'>inprimis</span> <span class='ocrx_word' id='word_1_364' title='bbox 1308 4848 1344 4910; x_wconf 86' lang='lat' dir='ltr'>de</span> <span class='ocrx_word' id='word_1_365' title='bbox 1359 4849 1448 4926; x_wconf 83' lang='lat' dir='ltr'>Mose,</span> <span class='ocrx_word' id='word_1_366' title='bbox 1461 4845 1602 4928; x_wconf 81' lang='lat' dir='ltr'>physicae</span> <span class='ocrx_word' id='word_1_367' title='bbox 1618 4855 1649 4906; x_wconf 87' lang='lat' dir='ltr'>et</span> <span class='ocrx_word' id='word_1_368' title='bbox 1663 4843 1777 4906; x_wconf 79' lang='lat' dir='ltr'>ethicae</span> <span class='ocrx_word' id='word_1_369' title='bbox 1791 4842 1954 4903; x_wconf 85' lang='lat' dir='ltr'>certissimo</span> <span class='ocrx_word' id='word_1_370' title='bbox 1968 4849 1997 4900; x_wconf 89' lang='lat' dir='ltr'>ot</span> <span class='ocrx_word' id='word_1_371' title='bbox 2011 4835 2245 4918; x_wconf 83' lang='lat' dir='ltr'>locupletissimo</span> 
     </span>
     <span class='ocr_line' id='line_1_34' title="bbox 805 4938 2246 5030; baseline -0.015 -10"><span class='ocrx_word' id='word_1_372' title='bbox 805 4941 1039 5020; x_wconf 62' lang='lat' dir='ltr'>auctorante</span> <span class='ocrx_word' id='word_1_373' title='bbox 1054 4951 1123 5030; x_wconf 71' lang='grc' dir='ltr'>ιιι,</span> <span class='ocrx_word' id='word_1_374' title='bbox 1141 4955 1188 5018; x_wconf 79' lang='lat' dir='ltr'>ro.</span> <span class='ocrx_word' id='word_1_375' title='bbox 1211 4938 2246 5030; x_wconf 63' lang='lat' dir='ltr'>anons.Ama,178.osroenos-stettein.sainte</span> 
     </span>
    </p>
   </div>
   <div class='ocr_carea' id='block_1_12' title="bbox 0 0 2628 6328">
    <p class='ocr_par' dir='ltr' id='par_1_13' title="bbox 0 0 2628 6328">
     <span class='ocr_line' id='line_1_35' title="bbox 0 0 2628 6328; baseline 0 0"><span class='ocrx_word' id='word_1_376' title='bbox 0 0 2628 6328; x_wconf 95' lang='lat' dir='ltr'> </span> 
     </span>
    </p>
   </div>
  </div>
 </body>
</html>
