5248 6332
591 741 594 756 Ι
683 665 712 736 d

681 877 760 964 post
774 864 1007 962 Mangeyum,
1034 862 1277 958 Carpaorium,
1299 860 1530 952 Bmckernm,
1555 859 1801 953 Modremium,
1828 857 2035 958 Stahlium')
2057 867 2259 938 aut-oratio-

681 1017 761 1064 nem
775 993 846 1085 ejus
861 991 906 1062 ad
922 991 1049 1062 criticas
1066 991 1160 1084 leges
1178 991 1383 1062 examinaret
1396 999 1432 1060 et
1447 987 1641 1061 emendaret
1664 999 1722 1060 aut
1736 1011 1849 1058 rerum
1862 997 2058 1084 argumenta
2071 963 2263 1085 ‹bligentius

580 1179 585 1186 .
681 1111 909 1212 perpenderet
926 1125 960 1184 et
975 1116 1170 1202 illustraret,
1195 1091 1252 1186 rix
1267 1137 1350 1185 unus
1366 1123 1401 1183 et
1415 1113 1498 1184 ulter
1513 1113 1691 1204 exstiterit,
1712 1114 1774 1204 qui
1790 1121 1902 1184 autem
1917 1113 2025 1184 fontes
2038 1114 2145 1208 ipsos,
2171 1089 2264 1188 unde
2336 1103 2341 1114 ⁸

681 1244 779 1314 Philo
793 1225 996 1311 uberrimum
1013 1241 1133 1310 veteris
1147 1241 1328 1333 sapientiae
1345 1239 1470 1307 flumen
1485 1261 1548 1330 per
1568 1261 1647 1306 arva
1665 1261 1724 1307 sua
1740 1238 1921 1326 diduxerit,
1944 1221 2039 1309 ‘nous
2057 1241 2144 1310 curis
2161 1211 2263 1313 inda-⁸

681 1377 778 1462 garet
793 1377 826 1436 ct
845 1365 1046 1448 accuratim,
1074 1385 1174 1453 quam
1189 1385 1209 1428 a
1223 1359 1399 1452 Mangeyo
1417 1362 1543 1432 factum
1565 1371 1655 1451 erat,
1687 1362 1868 1451 indicaret,
1898 1364 2051 1432 inventus
2085 1363 2197 1432 adhuc
2221 1337 2264 1434 sit

679 1517 787 1564 nemo.
840 1486 1041 1578 Naquuod
1054 1485 1216 1579 impedita
1237 1485 1362 1577 passim
1378 1495 1429 1554 est
1450 1487 1645 1579 corruptelis
1665 1487 1785 1575 lectio,
1811 1504 1928 1556 verum
1949 1487 2032 1554 illud
2050 1487 2186 1578 quidem
2202 1498 2261 1576 est,

680 1619 741 1698 sed
766 1628 877 1687 tamen
898 1609 933 1680 id
958 1633 1025 1679 non
1048 1633 1089 1679 eo
1113 1612 1220 1702 valet,
1253 1620 1291 1679 ut
1314 1609 1545 1690 deterreantur
1570 1612 1680 1703 potius
1703 1600 1887 1704 elegendo
1904 1613 2126 1706 generosioris
2141 1613 2261 1682 indolis

679 1719 777 1812 animi
801 1761 901 1830 quam
933 1735 1140 1806 stimulentur
1168 1735 1213 1804 ad
1240 1735 1407 1804 medelam
1439 1736 1602 1828 corruptis
1633 1736 1715 1806 locis
1736 1735 1954 1809 afferendam.
2004 1737 2135 1808 Deinde
2161 1759 2262 1829 quam

681 1873 856 1937 causantur
874 1862 1031 1930 sermonis
1050 1861 1202 1929 Philonei
1218 1859 1514 1954 obscuritatem‚⁸)
1541 1885 1583 1930 ea
1596 1860 1683 1961 adeo
1698 1861 1788 1930 nulla
1805 1871 1875 1950 est,
1898 1870 1952 1949 ut,
1977 1861 2035 1953 qui
2047 1863 2172 1958 regulis
2187 1863 2261 1932 dia-

680 1992 803 2062 lecticis
818 1985 896 2056 inde
913 2009 934 2052 a
949 1985 1068 2052 teneris
1082 1985 1253 2054 innutritus
1270 1985 1420 2054 notiones
1436 2009 1550 2054 rerum
1568 2008 1683 2055 omnes
1704 1985 1885 2078 explanare
1909 1987 2132 2056 consuevisset
2151 2009 2262 2082 neque

680 2117 747 2185 ulla
764 2116 797 2182 in
811 2135 847 2180 re
865 2119 940 2178 ante
959 2105 1190 2200 acquiescere,
1225 2133 1328 2201 quam
1349 2083 1453 2179 totam
1468 2109 1512 2179 ad
1529 2113 1641 2180 rivum
1659 2112 1874 2201 resecuisset,
1906 2110 1952 2197 is,
1983 2111 2011 2179 si
2033 2133 2110 2189 curn
2129 2108 2265 2180 dicendi·

612 2270 619 2286 ·
681 2235 892 2325 facundiam,
917 2245 988 2304 tum
1002 2231 1151 2304 lucidum
1170 2234 1322 2304 ordinem
1339 2236 1371 2302 in
1390 2259 1427 2304 se
1447 2234 1630 2306 desiderari
1648 2243 1848 2337 maratus„
1862 2237 1998 2304 monstri
2014 2237 2115 2306 instar
2126 2235 2260 2306 videre-

680 2375 744 2436 tur.
795 2363 903 2433 Porro
920 2358 1013 2451 quod
1032 2369 1100 2427 tam
1122 2381 1238 2432 aversa
1252 2383 1324 2430 esse
1346 2359 1496 2432 ridemus
1517 2371 1706 2444 nostrorum
1727 2359 1901 2430 hominum
1923 2361 1967 2430 ab
1985 2361 2187 2453 allegoricae
2207 2360 2259 2430 in-

669 2567 892 2607 affl

762 2741 791 2823 ⁷)
819 2731 953 2801 Philonis
973 2730 1074 2792 ludaei
1090 2731 1206 2812 Opera,
1229 2753 1304 2828 quae
1323 2731 1449 2814 reperiri
1469 2742 1634 2814 potueruut
1651 2734 1760 2797 omnia.
1805 2733 1933 2796 Tantum
1946 2753 2014 2794 conr
2031 2733 2103 2794 Mas.
2117 2733 2258 2814 contulit,

803 2835 1035 2920 quamplurima
1050 2833 1137 2892 etiam
1152 2836 1267 2902 ecodd.
1281 2837 1398 2918 adjecit,
1434 2836 1771 2918 interpretationemque
1787 2835 1964 2916 emendavit,
1986 2835 2123 2898 universa
2138 2837 2217 2898 notia
2229 2847 2259 2898 et

807 2937 1061 3002 observationibus
1076 2935 1240 2999 illustrarit
1253 2937 1381 3000 Thomas
1395 2939 1546 3020 Mangey,
1577 2942 1608 3006 S.
1623 2941 1657 3000 T.
1671 2941 1704 3000 P.
1721 2938 1884 3000 canonicus
1897 2939 2110 3002 liunelmensis.
2143 2940 2259 3008 evoti.

805 3043 871 3105 Pol.
886 3039 1024 3100 Londini.
1045 3037 1135 3106 1742
1163 3040 1207 3102 Jo.
1219 3042 1329 3104 bened.
1347 3035 1511 3122 Carpzovs's'
1529 3045 1636 3102 Sacrae
1652 3039 1888 3102 Exercitationes
1904 3039 1937 3099 rh
1955 3043 1984 3101 S.
2001 3041 2082 3102 Pauli
2094 3041 2258 3123 Epistolam
2335 3079 2337 3084 .

806 3141 1004 3205 adHebraeoa
1019 3160 1057 3202 ex
1073 3139 1198 3202 Philone
1211 3143 1423 3204 Alexandrino.
1467 3145 1685 3212 Praeiimsunt
1701 3141 1877 3206 Philoniana
1892 3143 2110 3222 Prolegomena.
2152 3143 2259 3204 Helm-¹
2297 3183 2300 3192 »
2352 3191 2356 3204 .

803 3244 903 3308 stadii·
927 3243 1017 3326 1750.
1040 3241 1156 3302 ctxtv
1169 3253 1200 3304 et
1211 3246 1282 3312 664.
1296 3267 1348 3327 pp.
1370 3253 1399 3314 8.
1431 3247 1492 3312 lac.
1507 3247 1657 3308 Bructeri
1670 3244 1802 3318 Historia
1819 3244 1923 3306 critica
1934 3244 2152 3326 philosophias.
2173 3244 2257 3326 Lipa.

808 3351 899 3414 1766.
928 3346 1012 3406 Tem.
1027 3352 1056 3412 2.
1078 3365 1110 3426 p.
1126 3351 1324 3416 797-812.
1350 3355 1423 3418 966.
1438 3371 1484 3432 aq.
1512 3353 1556 3414 Jo.
1573 3351 1660 3410 haur.
1675 3347 1863 3418 Moslsenrs'ua
1880 3347 1920 3408 ad
1934 3347 2113 3424 ¹Cudworthi
2129 3356 2257 3429 systema
2304 3393 2308 3402 .

805 3447 1019 3510 intellectuale.
1041 3447 1181 3526 lugduni
1194 3449 1260 3510 Bat.
1276 3449 1367 3518 1773.
1389 3455 1473 3518 Tem.
1492 3459 1520 3522 1.
1533 3476 1564 3536 p,
1578 3455 1771 3520 828-839.
1806 3451 1850 3514 ·E.
1866 3450 1906 3513 Η.
1921 3449 2014 3512 elatat
2030 3450 2165 3512 Veraucb
2178 3454 2259 3510 sines

803 3549 1048 3634 systernatiacders
1062 3553 1222 3629 Eutwurfa
1244 3549 1297 3612 des
1310 3555 1517 3639 Lelrrbegreffi
1532 3554 1653 3616 Plrilu's
1669 3577 1698 3616 ν.
1713 3551 1932 3632 Alexandrian,
1953 3557 1987 3614 iu
2004 3551 2173 3634 Bicltltoqns
2186 3552 2257 3614 All·

803 3674 882 3734 gem.
898 3653 983 3714 urar.
998 3651 1027 3716 t.
1041 3653 1112 3713 aar.
1126 3656 1190 3714 ms.
1203 3653 1266 3718 ed.
1282 3655 1330 3718 ιν.
1356 3659 1399 3718 ss.
1416 3657 1446 3726 s.
1469 3661 1501 3720 e.
1517 3663 1623 3726 reo·
1639 3661 1710 3726 ooo.

708 3789 711 3800 '
756 3789 792 3872 ¹⁸)
814 3787 1002 3850 Moslsems'ue
1024 3787 1063 3848 sd
1081 3789 1258 3857 Cudwortb.
1282 3793 1365 3854 Turn.
1383 3799 1411 3860 1.
1429 3815 1466 3876 p.
1481 3798 1553 3861 831.
1569 3793 1622 3855 fin.
1669 3791 1826 3854 Philonem
1851 3791 2257 3873 aitexecrnmaeriptorum

804 3911 867 3952 esse
889 3911 1030 3969 numero,
1060 3892 1112 3972 qui
1137 3878 1347 3980 obscuritatem
1366 3915 1577 3978 saepenumero
1599 3897 1738 3958 consulto
1763 3903 1973 3956 consectentur
1998 3904 2123 3975 tumque
2137 3893 2195 3954 sibi
2209 3913 2255 3953 aa.

804 3993 982 4076 pientissimi
994 3993 1155 4058 rideantur
1169 4017 1247 4069 esse,
1276 4017 1368 4077 quum
1380 3999 1614 4077 subtilitatibus,
1644 4019 1718 4080 quas
1731 4017 1818 4072 neruo
1835 3996 2042 4077 consequitur,
2063 3997 2181 4078 ingenia
2200 4015 2256 4058 ax·

803 4096 949 4172 crucient,
971 4116 1049 4176 quaa
1062 4099 1153 4160 verba
1166 4099 1343 4158 Bructerus
1358 4099 1437 4162 Hiat.
1452 4101 1528 4182 phil.
1543 4101 1627 4164 Pom.
1642 4107 1674 4168 2.
1687 4121 1718 4181 p.
1726 4105 1798 4171 806.
1814 4124 1868 4164 sua
1883 4103 1962 4165 fecit.
1984 4103 2055 4162 itera
2067 4123 2100 4182 p.
2113 4104 2186 4175 808.
2202 4101 2255 4162 lin.

803 4219 834 4280 p.
866 4203 938 4268 811.
966 4217 1034 4258 erun
1077 4201 1208 4281 appellat
1254 4199 1406 4262 bominem
1449 4203 1694 4280 obscurissimum
1727 4213 1758 4266 at
1785 4205 1846 4266 tela
1880 4225 2055 4266 aranearum
2086 4212 2255 4264 nectentem

803 4283 975 4381 muscaeque
988 4311 1166 4382 captantem.
1181 4373 1188 4394 .
1209 4303 1267 4364 Sed
1282 4305 1315 4363 in
1328 4308 1462 4368 oratione
1476 4316 1571 4382 certe,
1594 4315 1741 4386 quantum
1753 4307 1857 4386 video,
1886 4308 1969 4377 nulla
1989 4305 2123 4367 Philonia
2142 4305 2254 4366 obsent-

799 4403 877 4465 ritas
892 4403 940 4464 'eat
952 4423 1049 4483 neque
1061 4423 1135 4467 vero
1151 4425 1212 4466 esse
1226 4405 1326 4485 potuit
1339 4427 1395 4487 per
1406 4407 1554 4483 rationes,
1585 4429 1657 4488 quas
1671 4408 1703 4468 in
1718 4408 1846 4471 dicendo
1861 4409 2053 4490 sequebatur,
2076 4428 2167 4490 quum
2187 4409 2254 4490 pri·

733 4589 739 4598 q
806 4506 913 4566 mamas
928 4529 954 4568 τ.
969 4501 1062 4588 λόγου
1076 4507 1200 4568 sirmiae
1217 4503 1347 4590 δήλωσιν
1362 4504 1554 4591 edidissent
1568 4529 1629 4571 ease
1644 4519 1806 4588 statueret,
1822 4495 2024 4578 ¹obscuritatis
2039 4519 2139 4572 antem
2155 4511 2189 4570 in
2202 4509 2254 4571 di-

803 4608 897 4668 cendo
916 4629 952 4670 se
974 4629 1090 4670 oaorem
1111 4630 1173 4672 non
1194 4611 1292 4672 minua
1317 4631 1405 4691 quarn
1424 4612 1652 4693 perspicuitatis
1680 4613 1847 4676 studiosum
1870 4613 2066 4697 profiteretur
2092 4611 2187 4694 (180,
2221 4613 2252 4679 8.

690 4723 695 4729 “
795 4713 875 4787 471,
894 4707 977 4792 hb),
1006 4731 1103 4792 nequa
1117 4712 1214 4776 solum
1229 4713 1262 4776 in
1278 4712 1449 4774 &asmentia
1465 4735 1482 4774 a
1497 4714 1642 4796 cujusque
1659 4716 1705 4778 rei
1727 4715 1901 4781 delinitione
1915 4715 2065 4798 proticisci
2079 4703 2254 4788 consueris·

800 4821 855 4888 aet,
868 4821 962 4889 ratus,
978 4811 1143 4876 besmede
1154 4824 1258 4892 artem,
1280 4815 1492 4876 contemnendi
1503 4827 1625 4878 externa
1637 4819 1727 4897 bana,
1746 4819 1857 4900 optime
1873 4837 1959 4900 posse
1972 4816 2049 4878 distd
2074 4813 2158 4893 (297,
2174 4818 2252 4895 27),

799 4914 967 4991 sedetiam,
986 4914 1154 4996 asperitas
1169 4925 1344 4996 perspecta,
1366 4917 1499 4978 dilucida
1516 4919 1608 4982 rerba
1626 4915 1657 4984 et
1672 4923 1797 5008 propria
1809 4931 1921 5005 sponte
1942 4930 1973 4982 st
1986 4916 2107 5000 capiate
2120 4917 2252 4990 afflttffls
2293 4903 2298 4912 ’

727 5052 729 5066 .
797 5017 997 5098 semetipsum
1011 5017 1381 5100 expertumesaadicaret.
1408 5014 1504 5102 (716,
1530 5019 1598 5106 Pb)
1660 5079 1664 5087 .
1727 5083 1730 5088 .
1765 5079 1786 5092 ..
